1827 2798
154 143 249 182 XII.
267 143 347 181 xvi
666 143 722 180 M.
755 142 924 180 TVLLI
956 142 1266 182 CICERONIS

305 255 398 293 dem
420 267 441 292 e
462 260 679 304 conspectu
700 260 782 301 tuo,
803 252 878 291 nisi
899 267 962 291 me
983 254 1099 303 plane
1119 252 1216 291 nihil
1237 255 1316 292 ulla
1335 266 1394 292 res
1420 253 1632 292 adiuvaret.

306 319 428 366 Quod
449 317 480 355 si
505 324 607 355 esset
633 316 795 366 aliquod
825 319 1018 365 levamen,
1038 317 1079 356 id
1106 325 1208 356 esset
1234 317 1274 356 in
1302 325 1339 357 te
1366 331 1457 365 uno,
1480 325 1518 357 et
1544 331 1636 356 cum

304 382 475 432 primum
514 382 565 419 ab
603 381 737 431 aliquo
771 381 914 432 poterit
948 395 1043 430 esse,
1077 396 1100 420 a
1134 389 1172 421 te
1206 382 1287 421 erit.
1347 384 1465 421 Nunc
1504 390 1637 420 tamen

304 446 434 496 ipsum
465 446 549 485 sine
570 454 608 485 te
629 460 714 485 esse
741 460 822 484 non
849 460 1022 496 possum.
1083 448 1162 486 Sed
1192 460 1266 486 nec
1295 454 1385 486 tuae
1414 447 1523 486 domi
1552 460 1638 497 pro-

304 512 472 550 babatur
501 525 575 550 nec
605 526 717 550 meae
746 519 925 562 poteram
956 526 1040 560 nec,
1064 512 1095 550 si
1123 511 1283 563 propius
1316 525 1440 550 essem
1469 511 1637 562 uspiam,
1657 520 1674 552 5

304 584 437 615 tecum
466 584 600 615 tamen
624 590 763 615 essem.
823 578 938 616 Idem
966 576 1071 615 enim
1100 584 1138 615 te
1165 576 1374 627 impediret
1400 590 1479 626 quo
1507 576 1637 614 minus

304 655 462 680 mecum
483 655 602 690 esseS,
624 643 733 692 quod
753 656 860 680 nunc
881 641 999 680 etiam
1027 641 1202 691 impedit.
1265 641 1367 680 Mihi
1388 641 1485 679 nihil
1505 642 1637 679 adhuc

303 706 432 756 aptius
455 706 526 745 fuit
546 708 620 745 hac
642 706 854 746 solitudine
869 721 879 754 3
908 720 1028 757 quam
1049 720 1185 745 vereor
1209 720 1259 745 ne
1280 705 1486 755 Philippus
1513 707 1633 744 tollat.

306 771 406 809 Heri
441 770 546 809 enirn
578 771 731 822 vesperi
761 778 931 810 venerat.
991 773 1063 810 Me
1101 770 1261 822 scriptio
1295 778 1334 810 et
1367 770 1517 810 litterae
1554 783 1638 810 non

304 835 456 874 leniunt
486 837 557 875 sed
586 837 812 876 obturbant‚
1660 843 1698 867 ¹0

348 942 484 977 XVII
617 946 686 978 Scr.
707 946 856 976 Asturae
871 946 904 977 iv
919 946 968 978 Id.
989 946 1090 978 Mart.
1111 957 1142 978 a.
1163 954 1222 988 709
1242 945 1323 989 (45).

709 1022 880 1053 CICERO
910 1023 1094 1054 ATTICO
1125 1022 1231 1054 SAL.

360 1100 587 1139 Marcianus
607 1102 659 1139 ad
680 1114 743 1139 me
764 1101 916 1151 scripsit
938 1115 1000 1139 me
1021 1109 1249 1140 excusatum
1271 1114 1355 1140 esse
1375 1101 1483 1151 apud
1504 1102 1638 1152 Appu-

304 1164 423 1203 leium
454 1179 477 1203 a
506 1167 728 1212 Laterense,
760 1167 933 1212 Nasone,
967 1167 1151 1212 Laenate,
1182 1167 1396 1215 Torquato,
1430 1166 1632 1204 Strabone.

306 1230 360 1268 Iis
381 1230 498 1268 velim
521 1243 610 1268 meo
632 1230 793 1268 nomine
815 1231 1038 1269 reddendas
1065 1230 1211 1269 litteras
1232 1244 1343 1269 cures
1364 1238 1516 1280 gratum
1538 1230 1635 1268 mihi
1659 1245 1695 1278 15

303 1308 371 1333 eos
393 1294 541 1333 fecisse.
603 1295 725 1342 Quod
746 1307 816 1343 pro
838 1294 1053 1333 Cornificio
1074 1308 1137 1333 me
1157 1295 1303 1333 abhinc
1327 1295 1495 1345 amplius
1522 1295 1636 1333 annis

304 1371 391 1396 xxv
412 1359 674 1409 spopondisse
695 1358 790 1397 dicit
812 1359 981 1406 Flavius,
1002 1359 1075 1397 etsi
1101 1373 1189 1398 reus
1216 1361 1392 1410 locuples
1421 1367 1479 1398 est
1499 1367 1538 1398 et
1558 1362 1638 1410 Ap-

303 1423 457 1474 puleius
485 1423 706 1474 praediator
733 1423 913 1470 liberalis,
938 1431 1070 1462 tamen
1090 1424 1207 1462 velim
1236 1426 1305 1463 des
1332 1438 1492 1474 operam
1519 1433 1562 1463 ut
1582 1424 1638 1462 in-

303 1488 470 1538 vestiges
492 1502 538 1526 ex
559 1501 875 1537 consponsorum
902 1488 1044 1526 tabulis
1066 1488 1167 1527 sitne
1194 1488 1247 1527 ita
1269 1488 1383 1540 (mihi
1411 1489 1517 1527 enirn
1545 1496 1636 1527 ante

302 1552 544 1591 aedilitatem
567 1566 696 1591 meam
717 1552 815 1590 nihil
836 1560 916 1590 erat
943 1566 1034 1591 cum
1056 1553 1282 1593 Cornificio.
1344 1556 1479 1592 Potest
1504 1561 1636 1591 tamen
1658 1566 1697 1588 20

303 1617 385 1656 fieri
401 1632 410 1665 3
449 1619 519 1656 sed
549 1617 647 1655 scire
676 1624 827 1655 certum
857 1616 1002 1668 velim),
1030 1625 1068 1656 et
1097 1620 1271 1668 appelles
1302 1625 1572 1668 procuratores
1605 1617 1635 1655 si

302 1682 375 1720 tibi
400 1681 563 1720 videtur.
625 1682 879 1730 Quamquam
909 1681 1006 1731 quid
1036 1683 1088 1721 ad
1118 1685 1211 1721 me?
1269 1684 1417 1720 Verum
1448 1690 1636 1721 tamen——

304 1749 456 1785 Pansae
490 1745 776 1796 profectionem
809 1746 954 1784 scribes
987 1760 1078 1784 cum
1111 1747 1220 1786 scies.
1279 1747 1454 1785 Atticam
1488 1748 1635 1786 salvere

302 1810 395 1850 iube
419 1818 458 1849 et
482 1824 569 1849 eam
595 1824 697 1858 cura,
721 1811 896 1857 obsecro,
921 1810 1137 1860 diligenter.
1197 1811 1319 1850 Piliae
1347 1813 1524 1850 salutem,

345 1919 507 1954 XVIII
611 1922 680 1954 Scr.
700 1922 846 1952 Asturae
861 1933 881 1953 v
898 1922 947 1953 Id.
970 1923 1070 1954 Mart.
1091 1933 1121 1955 a.
1142 1932 1201 1963 709
1220 1922 1304 1964 (45).
1655 1928 1692 1959 25

707 1999 878 2031 CICERO
909 1999 1096 2031 ATTICO
1124 1998 1230 2031 SAL.

263 2094 282 2123 1
356 2081 463 2117 Dum
491 2077 783 2117 recordationes
811 2078 918 2129 fugio
939 2092 1041 2128 quae
1065 2077 1177 2128 quasi
1204 2091 1337 2117 morsu
1364 2078 1540 2127 quodam
1566 2078 1635 2117 do-

300 2146 423 2183 lorem
453 2143 637 2191 efficiunt,
666 2143 814 2194 refugio
844 2144 894 2182 ad
924 2150 962 2182 te
991 2144 1302 2182 admonendum.
1364 2144 1486 2191 Quod
1515 2142 1632 2181 velim

347 2258 360 2277 1
387 2248 450 2278 nisi
470 2248 589 2278 ORP:
614 2248 642 2278 si
662 2252 689 2277 Δ
787 2258 806 2286 4
831 2247 1036 2286 probabatur
1055 2247 1141 2278 Crat.
1163 2258 1192 2278 v.
1209 2258 1233 2278 c.
1254 2246 1282 2276 L
1301 2246 1441 2288 (marg)
1457 2241 1504 2275 Zb
1523 2258 1529 2277 :
1555 2256 1630 2286 pro-

301 2291 398 2322 batur
415 2295 468 2322 ΣΔ
568 2302 585 2330 7
608 2291 689 2321 nihil
707 2291 816 2321 adhuc
836 2294 858 2322 Σ
878 2291 964 2322 Crat.
983 2303 989 2321 :
1015 2292 1123 2321 adhuc
1142 2291 1224 2321 nihil
1242 2295 1270 2321 A
1368 2291 1388 2320 8
1412 2290 1523 2329 aptius
1539 2289 1630 2320 codd.

296 2339 426 2375 practer
448 2334 498 2363 M¹
528 2336 587 2374 qni
615 2335 711 2373 peius
743 2334 836 2364 habet
868 2334 954 2364 unde
987 2335 1079 2374 prius
1107 2334 1197 2373 Vict„
1229 2333 1341 2373 potius
1371 2333 1452 2371 Otto,
1481 2333 1631 2372 optatius

301 2378 419 2408 Kalmt
552 2388 592 2407 22
615 2378 694 2416 quid
718 2377 750 2407 id
775 2378 816 2407 ad
843 2388 895 2407 rne
917 2377 994 2407 coni.
1020 2378 1144 2411 Becher,
1163 2377 1220 2408 secl
1237 2377 1274 2415 cs.
1294 2377 1379 2408 Plin.
1397 2377 1459 2418 Ep.
1477 2376 1518 2408 iv.
1539 2386 1590 2414 27.
1610 2388 1630 2415 4

302 2432 343 2460 23
369 2421 613 2461 prosectionem
631 2422 718 2460 vulg.
734 2432 740 2452 t
767 2431 847 2450 -one
863 2421 922 2450 M:
947 2422 988 2450 de
1006 2421 1215 2459 profectione
1234 2421 1391 2452 Graevius
1522 2420 1563 2450 28
1587 2420 1630 2450 ad

302 2470 334 2496 te
352 2465 604 2496 admonendum
622 2464 780 2504 Madvig:
811 2475 829 2494 a
847 2469 879 2494 te
897 2464 1088 2495 amonendo
1105 2463 1144 2494 M
