1827 2798
180 135 252 172 XI.
278 136 386 175 xviii
672 140 727 176 M.
761 138 929 176 TVLLI
961 137 1268 176 CICERONIS

304 250 374 287 sed
396 250 471 287 hoc
492 249 682 299 perditius
703 249 743 287 in
765 263 845 299 quo
871 263 978 288 nunc
1002 263 1089 287 sum
1117 249 1198 288 fieri
1224 249 1321 287 nihil
1343 256 1482 299 potest.
1542 250 1633 298 Qua

303 326 343 351 re
372 321 409 351 et
439 327 529 351 cum
555 313 732 352 Antonio
762 316 922 364 loquare
952 314 1068 352 velim
1098 322 1137 352 et
1166 328 1256 352 cum
1292 314 1374 352 istis
1403 322 1441 353 et
1470 328 1563 361 rem,
1591 320 1636 351 ut

302 377 458 427 poteris,
481 378 665 428 expedias
695 386 733 417 et
761 378 856 416 mihi
887 393 1005 428 quam
1033 379 1204 429 primum
1230 380 1281 418 de
1305 379 1490 418 omnibus
1514 380 1631 418 rebus

300 442 499 482 rescribas.
552 445 662 482 Vale.
722 455 783 482 X11
809 446 895 482 Kal.
920 444 1084 493 Quintil.

342 638 453 674 XIX
612 641 683 674 Scr.
703 641 869 673 Brundisi
883 643 921 674 xi
932 642 976 674 K.
994 642 1082 674 Sext.
1103 653 1134 675 a.
1155 651 1216 683 707
1233 641 1319 684 (47).
1651 656 1668 687 5

719 742 894 774 CICERO
918 742 1091 773 ATTICO
1117 742 1216 774 SAL.

263 844 281 872 1
354 831 457 870 Cum
479 830 554 868 tuis
575 831 668 869 dare
688 844 845 880 possem
867 830 1012 868 litteras
1039 843 1120 868 non
1144 828 1397 880 praetermisi,
1420 828 1492 867 etsi
1520 829 1629 879 quod

299 895 509 934 scriberem
532 910 610 934 non
633 896 841 934 habebam.
900 897 962 933 Tu
983 896 1034 933 ad
1055 908 1127 933 nos
1148 903 1187 932 et
1206 894 1327 932 rarius
1351 893 1487 932 scribis
1509 907 1626 943 quam

298 962 454 1000 solebas
483 969 521 1000 et
551 961 717 1009 brevius,
747 962 866 1000 credo
896 960 987 1010 quia
1017 960 1113 998 nihil
1142 961 1264 998 habes
1289 960 1396 1009 quod
1425 972 1488 997 me
1514 966 1628 1008 putes

298 1025 465 1065 libenter
493 1028 620 1076 legere
650 1034 716 1064 aut
748 1026 883 1064 audire
915 1040 1040 1076 posse.
1099 1027 1248 1064 Verum
1288 1032 1419 1063 tamen
1449 1024 1566 1062 velim
1595 1025 1633 1061 si
1653 1043 1688 1064 10

298 1090 394 1140 quid
433 1091 514 1138 erit,
546 1093 835 1140 qualecumque
874 1091 956 1137 erit,
992 1090 1149 1129 scribas.
1221 1092 1291 1128 Est
1330 1098 1461 1128 autem
1502 1103 1626 1127 unum

298 1157 406 1205 quod
428 1156 523 1193 mihi
551 1155 598 1194 sit
620 1157 837 1205 optandum
866 1155 897 1193 si
927 1155 1023 1205 quid
1050 1155 1111 1205 agi
1136 1156 1186 1194 de
1215 1169 1312 1205 pace
1339 1154 1488 1204 possit3
1517 1154 1627 1204 quod

298 1222 404 1259 nulla
424 1220 609 1270 equidem
637 1222 765 1260 habeo
794 1221 832 1258 in
858 1234 951 1270 spe;
981 1222 1050 1259 sed
1078 1221 1170 1270 quia
1195 1229 1236 1258 tu
1264 1220 1399 1258 leviter
1427 1219 1625 1258 interdum

297 1285 503 1334 significas,
526 1284 632 1335 cogis
655 1299 716 1323 me
738 1299 891 1334 sperare
912 1286 1020 1335 quod
1042 1286 1261 1335 optandum
1283 1284 1345 1322 vix
1366 1292 1435 1322 est.

254 1358 279 1385 2
352 1349 586 1388 Philotimus
607 1350 749 1388 dicitur
772 1351 829 1387 Id.
854 1351 954 1388 Sext.
1004 1350 1112 1387 Nihil
1133 1350 1263 1388 habeo
1283 1351 1334 1388 de
1354 1349 1421 1387 illo
1442 1349 1621 1399 amplius.
1648 1365 1683 1397 15

295 1415 358 1452 Tu
393 1413 509 1452 velim
543 1415 594 1452 ad
629 1427 674 1452 ea
706 1414 801 1451 mihi
833 1414 1021 1453 rescribas
1053 1428 1154 1464 quae
1183 1415 1234 1453 ad
1265 1422 1302 1453 te
1331 1422 1446 1453 antea
1476 1415 1621 1464 scripsi.

297 1479 398 1517 Mihi
429 1487 581 1517 tantum
612 1479 798 1529 temporis
828 1480 920 1518 satis
950 1488 1008 1518 est
1033 1481 1128 1519 dum
1160 1487 1202 1518 ut
1232 1479 1271 1518 in
1300 1479 1480 1530 pessimis
1508 1481 1624 1518 rebus

293 1544 442 1594 aliquid
474 1558 634 1583 caveam
666 1544 733 1594 qui
764 1544 861 1582 nihil
900 1559 1089 1596 umquam
1129 1544 1224 1584 cavi,
1284 1546 1395 1584 Vale.
1453 1557 1497 1583 xl
1534 1547 1621 1583 Kal.

294 1610 424 1649 Sextil.

336 1788 422 1824 XX
598 1790 666 1824 Scr.
686 1792 848 1823 Bmmdt'sz'
860 1793 920 1823 xvi
932 1792 975 1824 K.
997 1792 1085 1832 Sept.
1105 1803 1134 1824 a.
1158 1802 1217 1833 707
1233 1792 1320 1833 (47).
1645 1805 1685 1826 20

713 1892 888 1922 CICERO
913 1892 1084 1923 ATTICO
1110 1892 1207 1923 SAL.

257 1991 273 2017 1
346 1993 434 2018 xvn
473 1983 522 2018 K.
552 1980 792 2030 Septembris
827 1988 985 2019 venerat
1015 1981 1079 2019 die
1109 1992 1245 2018 xxvm
1277 1981 1464 2018 Seleucea
1498 1979 1623 2018 Pieria

294 2048 337 2085 C.
362 2045 535 2084 Treboni
566 2047 722 2083 libertus
749 2046 815 2095 qui
844 2060 885 2084 se
906 2046 1152 2084 Antiocheae
1173 2046 1320 2084 diceret
1350 2046 1456 2095 apud
1483 2046 1622 2084 Caesa-

293 2125 373 2149 rem
404 2111 546 2149 vidisse
578 2110 773 2159 Quintum
809 2111 931 2149 filium
967 2125 1057 2149 cum
1089 2111 1246 2159 Hirti03
1285 2124 1352 2150 eos
1387 2112 1438 2149 de
1469 2110 1621 2159 Quinto

292 2189 393 2225 quae
427 2175 642 2213 voluissent
674 2175 902 2225 impetrasse
937 2177 1045 2213 nullo
1075 2176 1237 2226 quidem
1268 2176 1437 2225 negotio.
1499 2176 1620 2224 Quod
1643 2190 1678 2220 25

292 2254 365 2289 ego
396 2240 517 2290 magis
546 2241 757 2290 gauderem
788 2240 819 2278 si
850 2240 922 2278 ista
951 2240 1066 2279 nobis
1096 2240 1301 2290 impetrata
1330 2240 1542 2290 quicquam
1569 2241 1619 2278 ad

336 2353 354 2372 2
381 2347 415 2372 ut
440 2343 514 2374 add.
540 2347 610 2374 velt.
748 2354 764 2382 7
790 2345 878 2382 quod
907 2344 1053 2375 Ernesti:
1089 2344 1168 2383 quid
1198 2344 1286 2375 codd.
1424 2354 1462 2374 10
1485 2344 1511 2373 si
1542 2343 1617 2375 add.

291 2386 468 2416 Asccnsz·us
604 2397 639 2425 17
666 2391 796 2417 tantum
825 2389 988 2426 temporis
1012 2389 1079 2418 secl.
1104 2388 1286 2428 Stcrukops
1409 2398 1450 2425 23
1474 2387 1618 2417 Treboni

292 2430 433 2460 libertus
451 2430 624 2460 Schmidt:
648 2430 804 2461 Treboni.
825 2442 843 2460 u
863 2430 923 2461 M:
946 2431 1134 2462 Trebonius
1151 2432 1239 2472 vulg.
