1827 2798
81 843 116 863 10

81 1493 118 1514 20

542 134 654 172 EPP.
686 133 764 170 AD
794 130 1054 170 ATTICVM
1393 128 1479 164 XV.
1499 137 1561 163 xx

134 244 211 283 iam
233 243 413 283 homines
435 245 484 283 de
504 258 544 283 re
564 242 722 294 publica
744 241 853 292 loqui
875 249 912 280 et
933 254 1000 280 eos
1021 239 1183 291 quidem
1204 238 1305 277 viros
1325 237 1465 282 bonos,

134 323 207 360 ego
237 323 316 361 quo
346 310 410 349 die
440 309 571 348 audivi
608 309 718 347 illurn
753 316 961 358 tyrannum
996 306 1036 345 in
1068 305 1255 345 contione
1288 301 1469 342 ‘clarissi-

134 388 243 413 mum
283 374 430 413 virum’
468 374 653 424 appellari
692 373 947 412 subdiffidere
989 371 1112 421 coepi.
1192 372 1333 408 Postea
1378 380 1470 406 vero

135 453 253 490 quam
287 448 418 478 tecum
451 439 602 477 Lanuvi
638 438 715 477 vidi
750 446 904 476 nostros
939 445 1091 475 tantum
1124 435 1206 485 spei
1241 434 1385 472 habere
1417 433 1469 470 ad

135 505 347 542 vivendum
369 512 558 554 quantum
579 503 827 552 accepissent
847 503 897 540 ab
919 501 1106 547 Antonio,
1130 498 1342 549 desperavi.
1395 499 1470 535 Ita-

135 582 223 618 que,
250 569 303 606 mi
330 568 470 614 Attice,
496 568 659 617 (sortiter
687 569 762 605 hoc
788 567 904 604 velim
929 566 1109 615 accipias,
1137 574 1177 602 ut
1207 577 1279 613 ego
1307 562 1465 611 scribo),

134 647 256 682 genus
284 633 380 670 illud
410 631 588 670 interitus
610 635 715 680 †quo
742 634 953 669 causurus†
982 638 1039 668 est
1067 631 1228 667 foedum
1253 629 1403 666 ducens
1430 634 1468 664 et

135 697 246 747 quasi
278 695 552 735 denuntiatum
585 695 700 733 nobis
734 696 784 732 ab
817 694 994 732 Antonio
1033 708 1079 732 ex
1113 695 1186 731 hac
1218 705 1331 730 nassa
1365 691 1467 730 exire

135 760 320 800 constitui
341 774 422 799 non
442 761 492 798 ad
514 761 644 809 fugam
667 761 736 797 sed
756 760 807 796 ad
828 772 937 808 spem
957 758 1090 797 mortis
1113 757 1291 796 melioris.
1352 758 1466 794 Haec

136 826 264 864 omnis
284 827 399 875 culpa
420 824 538 862 Bruti.

192 890 426 940 Pompeium
461 890 616 928 Carteia
649 901 850 939 receptum
881 887 1041 931 scribis;
1080 887 1157 925 iam
1188 887 1301 936 igitur
1330 893 1466 925 contra
1485 894 1509 930 3

137 958 242 994 hune
281 955 503 993 exereitum.
563 957 659 991 Vtra
697 967 788 1003 ergo
827 955 988 991 castra?
1046 952 1182 990 Media
1221 952 1326 990 enim
1366 950 1467 988 tollit

138 1020 344 1059 Antonius.
405 1021 477 1058 Illa
506 1019 669 1065 infirma,
700 1020 798 1056 haec
837 1017 992 1055 nefaria.
1054 1019 1311 1066 Properemus
1341 1015 1466 1065 igitur.

137 1087 214 1124 Sed
254 1086 342 1123 iuva
382 1099 443 1123 me
483 1084 658 1130 consilio,
697 1082 959 1121 Brundisione
997 1095 1045 1119 an
1080 1081 1264 1119 Puteolis.
1326 1083 1468 1118 Brutus

138 1151 299 1201 quidem
334 1150 465 1188 subito
500 1150 568 1187 sed
608 1148 812 1198 sapienter.
873 1149 1020 1198 Πάσχω
1050 1165 1094 1185 τι.
1155 1147 1328 1195 Quando
1362 1145 1468 1184 enim

138 1217 280 1254 illum?
337 1217 415 1254 Sed
450 1216 622 1252 humana
656 1214 826 1251 ferenda.
885 1214 948 1250 Tu
983 1212 1066 1262 ipse
1100 1225 1191 1250 eum
1223 1211 1355 1249 videre
1387 1224 1468 1248 non

138 1289 260 1331 potes.
321 1280 373 1319 Di
397 1279 451 1317 illi
479 1287 633 1317 mortuo
654 1278 721 1328 qui
750 1291 939 1328 umquam
961 1278 1198 1315 Buthrotum
1219 1279 1225 1314 1
1284 1277 1361 1314 Sed
1381 1283 1468 1314 acta

138 1347 255 1386 missa
271 1362 281 1396 3
311 1346 513 1385 videamus
535 1358 635 1395 quae
654 1344 808 1394 agenda
828 1343 914 1382 sint.

192 1412 381 1450 Rationes
413 1410 552 1456 Erotis,
584 1409 656 1447 etsi
688 1409 815 1458 ipsum
850 1410 1029 1447 nondum
1063 1407 1153 1455 vidi,
1186 1415 1318 1446 tamen
1352 1414 1390 1445 et
1421 1418 1512 1456 ex4

137 1477 271 1516 litteris
305 1477 388 1515 eius
419 1484 457 1515 et
495 1490 541 1514 ex
575 1489 622 1513 eo
655 1475 763 1524 quod
797 1473 891 1512 Tiro
926 1473 1109 1524 cognovit
1147 1486 1268 1523 prope
1304 1473 1468 1510 modum

137 1542 312 1592 cognitas
334 1542 473 1580 habeo.
533 1542 570 1577 V
573 1553 743 1579 ersuram
769 1539 904 1577 scribis
934 1553 1018 1577 csse
1045 1538 1265 1577 faciendam
1288 1551 1468 1575 mensum

138 1607 324 1658 quinque,
347 1607 387 1645 id
409 1614 466 1645 est
490 1607 541 1644 ad
566 1607 654 1644 Kal.
679 1606 793 1651 Nov.‚
818 1606 888 1643 HS
909 1604 982 1651 δᾶ
1015 1603 1055 1641 in
1080 1616 1167 1641 eam
1196 1603 1302 1641 diem
1329 1603 1469 1640 cadere

139 1686 322 1711 nummos
357 1671 424 1722 qui
454 1686 477 1710 a
511 1671 663 1720 Quinto
698 1670 903 1708 debentur.
961 1669 1091 1707 Velim
1122 1666 1246 1718 igitur,
1279 1668 1467 1718 quoniam

139 1738 233 1776 Tiro
253 1746 367 1788 negat
388 1738 458 1776 tibi
478 1740 631 1788 placere
655 1752 718 1776 me
745 1737 827 1776 eius
858 1735 911 1774 rei
941 1748 1058 1774 causa
1080 1736 1251 1772 Romam
1271 1732 1417 1780 venire,
1436 1732 1467 1770 si

139 1818 185 1844 ea
205 1813 242 1843 te
262 1818 321 1842 res
342 1804 439 1842 nihil
463 1805 646 1850 offendet,
670 1803 803 1842 videas
830 1802 937 1841 unde
965 1799 1117 1838 nummi
1143 1798 1234 1845 sint,
1254 1797 1349 1836 mihi
1370 1799 1467 1836 feras

139 1882 364 1920 expensum.
426 1870 518 1906 Hoc
547 1868 663 1907 video
692 1867 732 1905 in
763 1866 981 1918 praesentia
1011 1878 1109 1915 opus
1144 1877 1239 1902 esse.
1300 1863 1469 1913 Reliqua

139 1934 362 1984 diligentius
401 1947 447 1971 ex
484 1934 560 1971 hoe
599 1933 685 1983 ipso
723 1932 937 1983 exquiram,
969 1931 1007 1969 in
1043 1930 1102 1968 his
1137 1930 1187 1967 de
1220 1929 1467 1967 mercedibus

140 1999 330 2037 dotalium
360 1998 619 2047 praediorum.
679 1999 792 2047 Quae
822 1997 853 2035 si
884 1996 1049 2035 fideliter
1070 1993 1251 2034 Ciceroni
1278 1994 1469 2031 curabun-

140 2072 210 2107 tur,
241 2076 479 2112 quamquam
509 2063 599 2100 volo
627 2062 761 2108 laxius,
793 2069 924 2099 tamen
954 2061 989 2099 ei
1019 2074 1140 2110 prope
1173 2060 1336 2097 modum
1370 2058 1467 2096 nihil

83 2145 99 2174 J.
140 2128 273 2167 deerit.
334 2127 530 2177 Equidem
557 2126 673 2165 video
702 2126 797 2164 mihi
827 2140 986 2176 quoque
1015 2140 1115 2176 opus
1145 2139 1230 2164 esse
1258 2124 1441 2163 viaticum
1457 2138 1467 2171 3

187 2244 202 2272 7
230 2242 390 2262 causurus
421 2229 499 2261 M¹:
539 2240 677 2260 casurus
710 2229 788 2259 JW:
828 2240 928 2260 causa
956 2240 1073 2260 cursus
1107 2224 1162 2262 Z':
1204 2241 1326 2261 causae
1350 2239 1468 2260 cursus

141 2276 291 2316 Popula:
331 2275 469 2304 Catulus
501 2284 581 2304 usus
613 2279 664 2303 est
693 2272 831 2312 Madvig
1000 2283 1033 2303 11
1055 2274 1190 2305 Carteia
1218 2274 1361 2304 Mztiller:
1399 2284 1466 2302 -am

146 2319 350 2357 tl⁷ese11l1crgz
377 2328 430 2347 -ae
457 2318 586 2347 Bastar:
614 2316 772 2347 Carthela
798 2316 889 2347 codd.
1047 2328 1083 2357 14
1109 2319 1185 2348 iuva
1212 2319 1324 2357 vulga
1349 2321 1404 2347 tua
1429 2315 1471 2345 M

142 2374 192 2401 24.
214 2372 254 2400 25
279 2363 307 2392 si
326 2373 365 2391 ca
390 2366 423 2391 te
448 2371 501 2391 res
525 2371 553 2391 v.
568 2372 613 2391 c.·.
639 2361 666 2390 si
692 2361 818 2390 fateres
841 2361 891 2390 vel
911 2360 939 2390 si
965 2360 1095 2391 faceres
1120 2366 1174 2393 ΣΔ
1274 2371 1315 2401 29
1339 2360 1465 2400 laxius]

142 2407 305 2445 prolixius
327 2404 515 2445 [Vesenberg
530 2415 567 2434 ex
581 2403 701 2435 Lamb.
723 2415 729 2434 x
754 2403 876 2433 lautius
899 2402 1039 2445 Madvig

185 2483 247 2504 c1c.
266 2483 313 2504 AD
330 2483 403 2504 ATT.
1338 2471 1379 2501 35
