1827 2798
588 170 702 207 EPP.
734 169 811 206 AD
841 166 1100 206 ATTICVM
1391 163 1502 200 XIV.
1524 173 1552 198 v

179 281 328 321 laudari
361 289 479 331 atque
512 281 632 319 amari
673 281 740 319 sed
780 278 992 330 parietibus
1026 275 1227 315 contineri.
1287 276 1420 324 Atque
1449 273 1501 311 illi

180 360 342 396 quoquo
372 347 494 384 modo
524 345 639 391 beati,
663 344 797 382 civitas
822 343 972 380 misera.
1032 343 1109 379 Sed
1133 340 1250 378 velim
1281 338 1378 377 scire
1407 338 1502 388 quid
1523 345 1547 381 3

179 412 371 449 adventus
406 410 556 456 Octavi,
589 422 684 446 num
718 407 784 457 qui
817 419 1029 445 concursus
1059 407 1110 443 ad
1141 418 1242 451 eum,
1275 417 1370 441 num
1405 416 1505 453 quae

180 479 424 525 νεωτερισμοῦ
445 474 627 524 suspicio.
687 474 780 511 Non
807 479 904 521 puto
925 470 1120 519 equidem,
1145 470 1214 507 sed
1236 477 1379 516 tamen,
1402 468 1506 518 quic-

143 557 158 586 5
181 540 276 590 quid
298 548 368 588 est,
383 540 480 578 scire
505 538 633 588 cupio.
694 539 809 576 Haec
825 535 960 586 scripsi
976 535 1027 573 ad
1041 542 1078 572 te
1095 533 1347 585 proficiscens
1364 535 1507 571 Astura

131 1011 168 1033 10

131 1332 166 1362 ¹5

131 1657 171 1679 20

183 618 227 643 111
253 606 358 643 Idus

225 752 293 786 VI
477 752 544 785 Ser.
564 752 696 784 Fundis
708 751 796 793 prid.
816 750 866 783 Id.
887 751 972 790 Apr.
993 761 1023 782 a.
1047 761 1104 791 710
1123 750 1211 792 (44).

588 839 763 871 CICERO
794 838 965 869 ATTICO
999 838 1033 870 S.
1063 838 1104 871 D.

241 929 370 967 Pridie
392 929 489 967 Idus
515 927 665 966 Fundis
689 927 824 977 accepi
850 935 935 965 tuas
955 926 1100 965 litteras
1121 940 1277 965 cenans.
1338 925 1510 964 Primum
1531 938 1547 964 1

186 994 300 1045 igitur
330 994 468 1032 melius
489 1006 584 1040 esse,
609 992 754 1031 deinde
782 994 943 1030 meliora
963 1000 1001 1030 te
1021 992 1211 1030 nuntiare.
1271 991 1421 1030 Odiosa
1450 991 1514 1028 illa

187 1060 292 1098 enirn
314 1061 476 1105 fuerant,
502 1058 676 1107 legiones
697 1057 838 1095 venire.
899 1059 1002 1095 Nam
1023 1058 1074 1094 de
1095 1056 1262 1095 Octavio
1283 1069 1427 1104 susque
1451 1056 1515 1093 de-

187 1138 274 1174 que.
319 1126 516 1173 Exspecto
538 1122 634 1172 quid
653 1124 704 1161 de
727 1123 881 1169 Mario‚·
910 1135 1028 1171 quem
1049 1120 1210 1169 quidem
1228 1134 1300 1170 ego
1317 1120 1513 1157 sublatum

187 1190 298 1227 rebar
317 1202 340 1226 a
363 1189 541 1226 Caesare.
585 1188 761 1224 Antonio
782 1185 1039 1235 conloquium
1061 1198 1151 1223 cum
1172 1185 1357 1222 heroibus
1374 1185 1515 1222 nostris

187 1267 257 1303 pro
280 1266 320 1291 re
341 1260 432 1289 nata
454 1265 534 1289 non
559 1253 870 1289 incommodum.
932 1252 1010 1288 Sed
1031 1257 1163 1287 tamen
1183 1251 1314 1287 adhuc
1335 1262 1398 1287 me
1418 1248 1515 1286 nihil

187 1319 356 1356 delectat
385 1324 537 1366 praeter
570 1318 666 1354 Idus
688 1318 860 1354 Martias.
922 1317 1025 1353 Nam
1048 1315 1235 1365 quoniam
1258 1313 1406 1352 Fundis
1427 1327 1513 1351 sum

187 1397 277 1421 cum
309 1383 450 1432 Ligure
481 1390 627 1428 nostro,
651 1381 864 1420 discrucior
898 1380 1031 1419 Sextili
1055 1382 1222 1418 fundum
1251 1393 1274 1418 a
1299 1380 1513 1418 verberone

188 1448 353 1487 Curtilio
381 1448 583 1498 possideri.
645 1448 766 1497 Quod
793 1460 883 1484 cum
914 1445 1014 1492 dico,
1047 1447 1097 1483 de
1126 1452 1210 1483 toto
1239 1458 1380 1494 genere
1411 1444 1511 1483 dico.
1533 1453 1556 1480 2

189 1514 296 1562 Quid
318 1513 423 1551 enim
446 1513 622 1551 miserius
651 1526 769 1562 quam
798 1525 845 1550 ea
869 1525 940 1549 nos
968 1510 1066 1548 tueri
1091 1518 1249 1560 propter
1278 1523 1379 1559 quae
1406 1510 1513 1547 illum

188 1579 427 1616 oderamus?
457 1578 627 1616 etiamne
663 1578 845 1615 consules
876 1584 913 1614 et
943 1575 1121 1613 tribunos
1155 1576 1205 1624 pl.
1237 1574 1277 1612 in
1312 1574 1514 1612 biennium

191 1656 290 1692 quos
324 1643 388 1681 ille
419 1643 573 1681 voluit?
631 1645 753 1681 Nullo
789 1643 910 1680 modo
944 1640 1094 1690 reperio
1126 1653 1244 1689 quem
1265 1641 1316 1678 ad
1351 1641 1514 1677 modum

190 1707 336 1758 pOSSlm
357 1708 629 1746 πολιτεύεσθαι.
691 1707 800 1745 Nihil
829 1706 933 1745 enlm
956 1714 1035 1743 tam
1056 1706 1233 1743 σόλοικον
1253 1718 1371 1754 quam
1393 1711 1516 1753 tyran-

188 1780 382 1811 noctonos
412 1772 452 1810 in
482 1775 592 1811 caelo
627 1786 725 1819 esse,
756 1771 908 1822 tyranni
937 1772 1039 1808 facta
1068 1769 1240 1808 defendi.
1300 1770 1378 1808 Sed
1408 1768 1515 1808 vides

189 1839 381 1884 consules,
422 1838 531 1875 vides
571 1837 741 1886 reliquos
785 1838 1043 1885 magistratus,
1085 1836 1115 1873 si
1155 1834 1218 1872 isti
1257 1833 1514 1883 magistratus,

189 1901 298 1940 vides
319 1904 545 1952 languorem
563 1903 770 1940 bonorum.
831 1903 1038 1939 Exsultant
1054 1899 1200 1938 laetitia
1219 1898 1258 1937 in
1280 1898 1514 1948 municipiis.

134 1980 169 2010 25
192 1966 278 2004 Dici
319 1967 425 2004 enirn
464 1980 545 2005 non
578 1974 708 2016 potest
738 1974 887 2016 quanto
917 1978 1035 2014 opere
1065 1966 1272 2014 gaudeant,
1303 1972 1344 2002 ut
1373 1965 1423 2002 ad
1455 1978 1516 2002 me

190 2039 433 2077 concurrant,
471 2040 512 2069 ut
543 2031 678 2069 audire
709 2033 868 2080 cupiant
901 2043 988 2068 mea
1019 2030 1137 2067 verba
1168 2030 1218 2067 de
1252 2042 1291 2066 re
1326 2042 1361 2078 p.
1433 2030 1517 2066 Nec

191 2096 268 2132 ulla
306 2096 453 2133 interea
496 2096 662 2133 decreta.
733 2094 795 2133 Sic
839 2094 943 2132 enim
982 2094 1278 2144 πεπολιτεύμεθα
1315 2100 1358 2131 ut
1395 2093 1518 2132 victos

191 2167 464 2197 metueremus.

240 2272 251 2291 1
279 2261 382 2301 Atqui
401 2263 523 2292 Rosius
718 2273 737 2293 2
761 2263 816 2302 qui
839 2261 1028 2303 Wesenberg
1216 2273 1254 2294 10
1278 2262 1393 2303 igitur]
1413 2262 1520 2293 laetor

193 2305 251 2335 tibi
266 2307 344 2336 coni.
359 2306 443 2335 Boot
604 2316 637 2337 11
665 2316 788 2346 susque
815 2308 924 2345 deque
949 2307 993 2337 C:
1018 2306 1063 2337 sis
1085 2317 1151 2345 que
1169 2307 1210 2337 de
1231 2308 1251 2345 q
1273 2306 1325 2336 Ml
1483 2316 1520 2336 12

193 2349 220 2378 si
246 2352 322 2378 ante
340 2350 419 2388 quid
445 2349 519 2379 add.
542 2349 617 2379 Olto
752 2351 790 2380 16
815 2350 993 2380 discrutior
1011 2350 1139 2380 Sestilii
1160 2350 1205 2380 C:
1231 2351 1413 2380 distructor
1436 2350 1519 2379 sesti

194 2392 239 2421 illi
269 2392 333 2422 RF
360 2393 402 2433 <is
431 2392 565 2431 Sextis:
608 2393 779 2423 destructo
811 2403 864 2424 res
898 2398 948 2424 est
973 2393 1030 2424 ulli
1054 2392 1096 2423 M
1224 2403 1262 2424 21
1290 2404 1390 2432 quam
1411 2392 1519 2424 CM2:

193 2445 267 2465 cum
283 2434 336 2465 Ml
441 2437 484 2466 26
508 2446 537 2475 p.
559 2435 636 2466 M2:
661 2447 727 2467 om.
742 2435 794 2466 M¹
