1827 2798
211 146 256 182 X.
276 146 392 183 viiiA
676 149 733 186 M.
765 149 934 185 TVLLI
965 144 1272 187 CICERONIS

362 256 507 295 Dedita
542 270 661 306 opera
694 259 745 295 ad
774 265 812 296 te
842 257 1100 308 Calpurnium
1130 258 1473 299 familiarissimum
1505 273 1636 299 meum

307 321 403 367 misi,
430 329 471 359 ut
501 321 596 359 mihi
627 335 791 371 magnae
818 336 933 361 curae
962 330 1070 361 tuam
1091 323 1211 362 vitam
1235 338 1280 363 ac
1301 325 1532 376 dignitatem
1553 339 1637 365 esse

305 386 447 424 Scires.'

359 451 514 489 Eodem
536 451 599 490 die
620 464 642 490 a
664 453 831 491 Caesare
853 452 1088 493 Philotimus
1108 453 1236 493 attulit
1256 455 1333 493 hoc
1352 456 1557 506 exemplo:

950 629 995 666 B.
1659 636 1675 667 5

606 730 676 763 Ser.
697 742 735 762 ex
750 731 858 762 itinere
872 742 916 762 xv
932 731 975 762 K.
994 711 1107 762 Maias
1123 742 1152 762 a.
1173 742 1227 772 705
1245 732 1333 773 (49).

442 832 682 871 ‘CAESAR
714 832 827 869 IMP.
861 832 972 869 SAL.
1006 833 1055 870 D.
1088 833 1366 871 CICERONI
1400 834 1515 871 IMP.

269 946 285 971 1
361 930 443 969 Etsi
474 938 512 969 te
541 930 637 967 nihil
667 937 824 976 temere,
848 929 944 967 nihil
974 928 1244 979 imprudenter
1272 931 1465 968 facturum
1495 930 1639 969 iudica-

305 1010 398 1042 ram,
435 1003 567 1033 tamen
597 1002 798 1045 permotus
837 994 1044 1032 hominum
1083 996 1187 1032 fama
1225 994 1477 1033 scribendum
1516 996 1567 1033 ad
1602 1003 1639 1032 te

305 1060 520 1098 existimavi
559 1067 597 1098 et
635 1073 705 1109 pro
743 1067 875 1097 nostra
907 1059 1182 1097 benevolentia
1214 1060 1432 1108 petendum
1471 1073 1521 1097 ne
1560 1073 1639 1108 quo
1663 1074 1698 1095 10

306 1125 589 1176 progredereris
623 1124 839 1175 proclinata
869 1124 947 1162 iam
982 1138 1022 1163 re
1054 1138 1134 1174 quo
1163 1124 1312 1174 integra
1341 1124 1458 1163 etiam
1488 1138 1640 1175 progre-

305 1190 496 1228 diendum
543 1189 612 1228 tibi
658 1203 737 1227 non
783 1189 1056 1227 existimasses.
1134 1190 1319 1239 Namque
1364 1197 1402 1227 et
1445 1189 1639 1227 amicitiae

303 1255 518 1304 graviorem
558 1254 737 1292 iniuriam
778 1253 913 1291 feceris
952 1261 991 1292 et
1029 1253 1100 1292 tibi
1139 1253 1268 1291 minus
1304 1255 1515 1292 commode
1549 1267 1639 1292 con-

305 1320 478 1366 sulueris,
511 1319 541 1357 si
571 1333 651 1357 non
681 1320 859 1357 fortunae
890 1319 1101 1357 obsecutus
1131 1318 1325 1357 videberis
1354 1318 1504 1369 (onmia
1533 1318 1638 1356 enirn

305 1384 590 1423 secundissima
628 1384 752 1430 nobis,
785 1383 1058 1422 adversissima
1091 1383 1164 1421 illis
1202 1383 1393 1422 accidisse
1427 1383 1636 1433 videntur),
1661 1401 1697 1432 15

305 1464 378 1488 nec
404 1463 562 1487 causam
591 1456 748 1487 secutus
770 1449 926 1499 (eadem
957 1449 1062 1486 enim
1093 1457 1177 1486 turn
1206 1448 1278 1486 fuit
1308 1462 1398 1486 cum
1425 1449 1476 1487 ab
1504 1462 1638 1487 eorum

304 1514 476 1553 consiliis
506 1515 644 1552 abesse
673 1513 882 1563 iudicasti),
915 1515 985 1551 sed
1021 1527 1152 1551 meum
1182 1513 1343 1563 aliquod
1374 1515 1520 1551 factum
1551 1527 1640 1551 con-

305 1579 579 1626 demnavisse3
619 1592 698 1628 quo
729 1578 824 1616 mihi
853 1578 1006 1628 gravius
1035 1579 1106 1616 abs
1136 1586 1174 1616 te
1203 1578 1257 1616 nil
1286 1578 1464 1617 accidere
1498 1586 1637 1628 potest.

263 1656 288 1683 2
308 1645 429 1693 Quod
458 1658 507 1682 ne
537 1643 654 1681 facias
682 1656 752 1693 pro
778 1643 859 1681 iure
890 1651 1045 1681 nostrae
1074 1642 1269 1681 amicitiae
1295 1656 1318 1680 a
1345 1651 1382 1681 te
1406 1651 1509 1693 peto.
1570 1644 1641 1681 1³0<

306 1720 450 1748 stremo
471 1709 567 1758 quid
588 1708 669 1745 viro
691 1708 797 1746 bono
818 1716 855 1746 et
877 1708 1011 1758 quieto
1031 1716 1070 1746 et
1090 1708 1197 1746 bono
1218 1707 1292 1745 civi
1313 1708 1435 1758 magis
1456 1707 1640 1746 convenit
1661 1726 1700 1746 20

305 1788 424 1825 quam
462 1775 600 1812 abesse
633 1787 656 1811 a
689 1773 868 1811 civilibus
903 1773 1208 1811 controversiis?
1265 1774 1387 1821 Quod
1425 1786 1506 1811 non
1544 1773 1639 1810 nulli

305 1853 395 1878 cum
435 1838 655 1888 probarent,
692 1837 853 1887 periculi
893 1851 1010 1876 causa
1048 1837 1159 1887 sequi
1198 1851 1278 1875 non
1317 1845 1555 1887 potuerunt3
1599 1844 1640 1874 tu

306 1906 505 1954 explorato
544 1911 582 1941 et
620 1902 721 1941 vitae
770 1917 880 1941 meae
919 1902 1145 1941 testimonio
1183 1910 1220 1940 et
1258 1901 1452 1940 amicitiae
1493 1901 1640 1940 iudicio

306 1983 434 2019 neque
464 1968 584 2007 tutius
613 1982 743 2018 neque
773 1967 976 2006 honestius
1005 1967 1171 2017 reperies
1201 1966 1413 2016 quicquam
1441 1980 1559 2016 quam
1589 1966 1638 2004 ab

305 2034 413 2072 omni
434 2034 688 2072 contentione
709 2034 857 2072 abesse.
917 2045 972 2070 xv
996 2034 1082 2070 Kal.
1104 2032 1230 2070 Maias
1251 2046 1297 2070 ex
1317 2031 1477 2069 itinere.'
1661 2051 1697 2081 25

347 2159 366 2186 4
392 2149 504 2179 attulit
523 2148 610 2179 codd.
635 2149 777 2189 (practer
790 2147 821 2181 s}
837 2159 843 2177 :
869 2147 998 2178 litteras
1016 2147 1127 2177 attulit
1145 2157 1162 2176 s
1297 2156 1331 2176 11
1361 2146 1520 2176 inclinata
1537 2146 1638 2176 Rom.

305 2203 371 2231 quo
391 2192 454 2222 OR
470 2205 476 2222 ς
509 2203 575 2231 qua
592 2203 669 2223 corr.
690 2203 729 2221 cx
744 2202 810 2231 quo
829 2191 887 2223 M:
912 2202 977 2230 qua
995 2190 1041 2220 Ps
1148 2200 1184 2228 14
1210 2190 1378 2220 videberis
1395 2200 1411 2218 s
1431 2189 1637 2228 ll'esenberg:

305 2241 341 2266 ut
360 2236 502 2266 deberes
523 2235 614 2266 OM:
639 2236 798 2266 videbere
817 2235 854 2265 M
872 2238 1016 2277 (mwg.)
1035 2234 1121 2275 vulg.
1242 2244 1280 2273 19
1306 2239 1385 2273 peto
1402 2233 1421 2262 I
1437 2244 1444 2263 ε
1469 2238 1548 2272 puto
1566 2232 1607 2262 M
