<?xml version="1.0" encoding="UTF-8"?>
<!DOCTYPE html PUBLIC "-//W3C//DTD XHTML 1.0 Transitional//EN"
    "http://www.w3.org/TR/xhtml1/DTD/xhtml1-transitional.dtd">
<html xmlns="http://www.w3.org/1999/xhtml" xml:lang="en" lang="en">
 <head>
  <title>
</title>
<meta http-equiv="Content-Type" content="text/html;charset=utf-8" />
  <meta name='ocr-system' content='tesseract 3.04.00' />
  <meta name='ocr-capabilities' content='ocr_page ocr_carea ocr_par ocr_line ocrx_word'/>
</head>
<body>
  <div class='ocr_page' id='page_1' title='image "./epistulaerecogno0202ciceuoft_0297.png"; bbox 0 0 1827 2798; ppageno 0'>
   <div class='ocr_carea' id='block_1_1' title="bbox 123 556 139 586">
    <p class='ocr_par' dir='ltr' id='par_1_1' title="bbox 123 556 139 586">
     <span class='ocr_line' id='line_1_1' title="bbox 123 556 139 586; baseline 0 0"><span class='ocrx_word' id='word_1_1' title='bbox 123 556 139 586; x_wconf 84' lang='lat'><strong><em>5</em></strong></span> 
     </span>
    </p>
   </div>
   <div class='ocr_carea' id='block_1_2' title="bbox 102 876 140 898">
    <p class='ocr_par' dir='ltr' id='par_1_2' title="bbox 102 876 140 898">
     <span class='ocr_line' id='line_1_2' title="bbox 102 876 140 898; baseline 0 0"><span class='ocrx_word' id='word_1_2' title='bbox 102 876 140 898; x_wconf 86' lang='lat'>10</span> 
     </span>
    </p>
   </div>
   <div class='ocr_carea' id='block_1_3' title="bbox 96 1535 137 1556">
    <p class='ocr_par' dir='ltr' id='par_1_3' title="bbox 96 1535 137 1556">
     <span class='ocr_line' id='line_1_3' title="bbox 96 1535 137 1556; baseline 0 0"><span class='ocrx_word' id='word_1_3' title='bbox 96 1535 137 1556; x_wconf 83' lang='lat'>20</span> 
     </span>
    </p>
   </div>
   <div class='ocr_carea' id='block_1_4' title="bbox 95 2236 135 2266">
    <p class='ocr_par' dir='ltr' id='par_1_4' title="bbox 95 2236 135 2266">
     <span class='ocr_line' id='line_1_4' title="bbox 95 2236 135 2266; baseline 0 -9"><span class='ocrx_word' id='word_1_4' title='bbox 95 2236 135 2266; x_wconf 83' lang='grc'>30</span> 
     </span>
    </p>
   </div>
   <div class='ocr_carea' id='block_1_5' title="bbox 570 168 1639 208">
    <p class='ocr_par' dir='ltr' id='par_1_5' title="bbox 570 168 1639 208">
     <span class='ocr_line' id='line_1_5' title="bbox 570 168 1639 208; baseline -0.003 -2"><span class='ocrx_word' id='word_1_5' title='bbox 570 169 683 207; x_wconf 87' lang='grc' dir='ltr'>ΕΡΡ.</span> <span class='ocrx_word' id='word_1_6' title='bbox 715 170 792 207; x_wconf 88' lang='lat' dir='ltr'>AD</span> <span class='ocrx_word' id='word_1_7' title='bbox 821 168 1079 208; x_wconf 87' lang='lat' dir='ltr'><strong>ATTICVM</strong></span> <span class='ocrx_word' id='word_1_8' title='bbox 1394 168 1505 205; x_wconf 69' lang='lat' dir='ltr'><strong>XVI.</strong></span> <span class='ocrx_word' id='word_1_9' title='bbox 1525 168 1601 204; x_wconf 87' lang='lat' dir='ltr'>xvi</span> <span class='ocrx_word' id='word_1_10' title='bbox 1616 180 1639 204; x_wconf 68' lang='lat' dir='ltr'>A</span> 
     </span>
    </p>
   </div>
   <div class='ocr_carea' id='block_1_6' title="bbox 157 279 1530 1172">
    <p class='ocr_par' dir='ltr' id='par_1_6' title="bbox 157 279 1530 1172">
     <span class='ocr_line' id='line_1_6' title="bbox 160 279 1492 320; baseline 0 -2"><span class='ocrx_word' id='word_1_11' title='bbox 160 291 227 318; x_wconf 89' lang='lat' dir='ltr'>eos</span> <span class='ocrx_word' id='word_1_12' title='bbox 251 281 381 319; x_wconf 86' lang='lat' dir='ltr'>delata</span> <span class='ocrx_word' id='word_1_13' title='bbox 403 289 503 319; x_wconf 87' lang='lat' dir='ltr'>sunt.</span> <span class='ocrx_word' id='word_1_14' title='bbox 564 281 830 320; x_wconf 80' lang='lat' dir='ltr'>Probaverunt</span> <span class='ocrx_word' id='word_1_15' title='bbox 857 294 1016 319; x_wconf 89' lang='lat' dir='ltr'>causam</span> <span class='ocrx_word' id='word_1_16' title='bbox 1040 280 1124 319; x_wconf 92' lang='lat' dir='ltr'>sine</span> <span class='ocrx_word' id='word_1_17' title='bbox 1148 282 1226 318; x_wconf 88' lang='lat' dir='ltr'>ulla</span> <span class='ocrx_word' id='word_1_18' title='bbox 1245 279 1492 319; x_wconf 84' lang='lat' dir='ltr'>dubitatione</span> 
     </span>
     <span class='ocr_line' id='line_1_7' title="bbox 160 344 1491 396; baseline -0.001 -13"><span class='ocrx_word' id='word_1_19' title='bbox 160 358 281 395; x_wconf 90' lang='lat' dir='ltr'>seque</span> <span class='ocrx_word' id='word_1_20' title='bbox 306 347 356 384; x_wconf 90' lang='lat' dir='ltr'>ad</span> <span class='ocrx_word' id='word_1_21' title='bbox 378 354 415 385; x_wconf 89' lang='lat' dir='ltr'>te</span> <span class='ocrx_word' id='word_1_22' title='bbox 440 345 584 384; x_wconf 82' lang='lat' dir='ltr'>litteras</span> <span class='ocrx_word' id='word_1_23' title='bbox 610 347 769 385; x_wconf 87' lang='lat' dir='ltr'>daturos</span> <span class='ocrx_word' id='word_1_24' title='bbox 796 360 880 385; x_wconf 87' lang='lat' dir='ltr'>esse</span> <span class='ocrx_word' id='word_1_25' title='bbox 906 346 1097 385; x_wconf 81' lang='lat' dir='ltr'>dixerunt.</span> <span class='ocrx_word' id='word_1_26' title='bbox 1159 348 1243 396; x_wconf 82' lang='lat' dir='ltr'>Ego</span> <span class='ocrx_word' id='word_1_27' title='bbox 1270 353 1412 391; x_wconf 84' lang='lat' dir='ltr'>autem,</span> <span class='ocrx_word' id='word_1_28' title='bbox 1437 344 1491 383; x_wconf 90' lang='lat' dir='ltr'>mi</span> 
     </span>
     <span class='ocr_line' id='line_1_8' title="bbox 161 410 1491 461; baseline 0 -14"><span class='ocrx_word' id='word_1_29' title='bbox 161 411 315 457; x_wconf 82' lang='lat' dir='ltr'>Plance,</span> <span class='ocrx_word' id='word_1_30' title='bbox 333 410 404 448; x_wconf 90' lang='lat' dir='ltr'>etsi</span> <span class='ocrx_word' id='word_1_31' title='bbox 425 424 506 449; x_wconf 91' lang='lat' dir='ltr'>non</span> <span class='ocrx_word' id='word_1_32' title='bbox 526 410 757 449; x_wconf 79' lang='lat' dir='ltr'>dubitabam</span> <span class='ocrx_word' id='word_1_33' title='bbox 773 412 869 461; x_wconf 89' lang='lat' dir='ltr'>quin</span> <span class='ocrx_word' id='word_1_34' title='bbox 889 419 927 450; x_wconf 92' lang='lat' dir='ltr'>et</span> <span class='ocrx_word' id='word_1_35' title='bbox 948 419 1106 449; x_wconf 86' lang='lat' dir='ltr'>senatus</span> <span class='ocrx_word' id='word_1_36' title='bbox 1127 412 1350 449; x_wconf 89' lang='lat' dir='ltr'>consultum</span> <span class='ocrx_word' id='word_1_37' title='bbox 1373 419 1410 448; x_wconf 87' lang='lat' dir='ltr'>et</span> <span class='ocrx_word' id='word_1_38' title='bbox 1430 412 1491 448; x_wconf 85' lang='lat' dir='ltr'>lex</span> 
     </span>
     <span class='ocr_line' id='line_1_9' title="bbox 159 474 1487 526; baseline 0.001 -14"><span class='ocrx_word' id='word_1_39' title='bbox 159 483 197 512; x_wconf 92' lang='lat' dir='ltr'>et</span> <span class='ocrx_word' id='word_1_40' title='bbox 217 476 425 513; x_wconf 87' lang='lat' dir='ltr'>consulum</span> <span class='ocrx_word' id='word_1_41' title='bbox 453 476 653 513; x_wconf 81' lang='lat' dir='ltr'>decretum</span> <span class='ocrx_word' id='word_1_42' title='bbox 681 489 727 513; x_wconf 91' lang='lat' dir='ltr'>ac</span> <span class='ocrx_word' id='word_1_43' title='bbox 754 475 902 514; x_wconf 80' lang='lat' dir='ltr'>litterae</span> <span class='ocrx_word' id='word_1_44' title='bbox 928 476 1034 526; x_wconf 87' lang='lat' dir='ltr'>apud</span> <span class='ocrx_word' id='word_1_45' title='bbox 1059 483 1097 513; x_wconf 89' lang='lat' dir='ltr'>te</span> <span class='ocrx_word' id='word_1_46' title='bbox 1123 474 1335 526; x_wconf 89' lang='lat' dir='ltr'>plurimum</span> <span class='ocrx_word' id='word_1_47' title='bbox 1359 482 1487 513; x_wconf 87' lang='lat' dir='ltr'>aucto-</span> 
     </span>
     <span class='ocr_line' id='line_1_10' title="bbox 158 539 1490 589; baseline 0 -12"><span class='ocrx_word' id='word_1_48' title='bbox 158 539 280 578; x_wconf 88' lang='lat' dir='ltr'>ritatis</span> <span class='ocrx_word' id='word_1_49' title='bbox 308 540 497 578; x_wconf 86' lang='lat' dir='ltr'>haberent</span> <span class='ocrx_word' id='word_1_50' title='bbox 517 547 634 589; x_wconf 90' lang='lat' dir='ltr'>teque</span> <span class='ocrx_word' id='word_1_51' title='bbox 662 539 782 589; x_wconf 87' lang='lat' dir='ltr'>ipsius</span> <span class='ocrx_word' id='word_1_52' title='bbox 801 540 923 578; x_wconf 86' lang='lat' dir='ltr'>Attici</span> <span class='ocrx_word' id='word_1_53' title='bbox 950 553 1068 578; x_wconf 88' lang='lat' dir='ltr'>causa</span> <span class='ocrx_word' id='word_1_54' title='bbox 1087 541 1187 578; x_wconf 75' lang='lat' dir='ltr'>velle</span> <span class='ocrx_word' id='word_1_55' title='bbox 1211 539 1490 587; x_wconf 79' lang='lat' dir='ltr'>intellexeram,</span> 
     </span>
     <span class='ocr_line' id='line_1_11' title="bbox 159 603 1488 653; baseline -0.001 -11"><span class='ocrx_word' id='word_1_56' title='bbox 159 612 291 642; x_wconf 88' lang='lat' dir='ltr'>tamen</span> <span class='ocrx_word' id='word_1_57' title='bbox 325 606 401 642; x_wconf 91' lang='lat' dir='ltr'>hoc</span> <span class='ocrx_word' id='word_1_58' title='bbox 436 618 505 653; x_wconf 91' lang='lat' dir='ltr'>pro</span> <span class='ocrx_word' id='word_1_59' title='bbox 539 604 820 643; x_wconf 86' lang='lat' dir='ltr'>coniunctione</span> <span class='ocrx_word' id='word_1_60' title='bbox 854 613 891 642; x_wconf 92' lang='lat' dir='ltr'>et</span> <span class='ocrx_word' id='word_1_61' title='bbox 920 603 1197 643; x_wconf 81' lang='lat' dir='ltr'>benevolentia</span> <span class='ocrx_word' id='word_1_62' title='bbox 1230 612 1362 642; x_wconf 90' lang='lat' dir='ltr'>nostra</span> <span class='ocrx_word' id='word_1_63' title='bbox 1392 604 1488 642; x_wconf 89' lang='lat' dir='ltr'>mihi</span> 
     </span>
     <span class='ocr_line' id='line_1_12' title="bbox 159 668 1489 719; baseline 0.001 -13"><span class='ocrx_word' id='word_1_64' title='bbox 159 669 307 718; x_wconf 89' lang='lat' dir='ltr'>sumpsi</span> <span class='ocrx_word' id='word_1_65' title='bbox 337 676 379 706; x_wconf 89' lang='lat' dir='ltr'>ut</span> <span class='ocrx_word' id='word_1_66' title='bbox 408 668 448 706; x_wconf 87' lang='lat' dir='ltr'>id</span> <span class='ocrx_word' id='word_1_67' title='bbox 478 682 500 706; x_wconf 90' lang='lat' dir='ltr'>a</span> <span class='ocrx_word' id='word_1_68' title='bbox 529 677 567 706; x_wconf 84' lang='lat' dir='ltr'>te</span> <span class='ocrx_word' id='word_1_69' title='bbox 596 678 768 718; x_wconf 86' lang='lat' dir='ltr'>peterem</span> <span class='ocrx_word' id='word_1_70' title='bbox 799 671 908 719; x_wconf 88' lang='lat' dir='ltr'>quod</span> <span class='ocrx_word' id='word_1_71' title='bbox 937 677 1004 707; x_wconf 87' lang='lat' dir='ltr'>tua</span> <span class='ocrx_word' id='word_1_72' title='bbox 1032 668 1235 718; x_wconf 87' lang='lat' dir='ltr'>singularis</span> <span class='ocrx_word' id='word_1_73' title='bbox 1266 668 1489 707; x_wconf 86' lang='lat' dir='ltr'>humanitas</span> 
     </span>
     <span class='ocr_line' id='line_1_13' title="bbox 158 732 1487 783; baseline 0.001 -12"><span class='ocrx_word' id='word_1_74' title='bbox 158 732 455 783; x_wconf 80' lang='lat' dir='ltr'>suavissimique</span> <span class='ocrx_word' id='word_1_75' title='bbox 480 747 608 772; x_wconf 88' lang='lat' dir='ltr'>mores</span> <span class='ocrx_word' id='word_1_76' title='bbox 631 748 653 771; x_wconf 89' lang='lat' dir='ltr'>a</span> <span class='ocrx_word' id='word_1_77' title='bbox 674 742 711 772; x_wconf 88' lang='lat' dir='ltr'>te</span> <span class='ocrx_word' id='word_1_78' title='bbox 732 742 861 772; x_wconf 80' lang='lat' dir='ltr'>essent</span> <span class='ocrx_word' id='word_1_79' title='bbox 883 734 1135 783; x_wconf 80' lang='lat' dir='ltr'>impetraturi.</span> <span class='ocrx_word' id='word_1_80' title='bbox 1198 736 1246 772; x_wconf 92' lang='lat' dir='ltr'>Id</span> <span class='ocrx_word' id='word_1_81' title='bbox 1272 742 1404 772; x_wconf 87' lang='lat' dir='ltr'>autem</span> <span class='ocrx_word' id='word_1_82' title='bbox 1429 742 1487 773; x_wconf 90' lang='lat' dir='ltr'>est</span> 
     </span>
     <span class='ocr_line' id='line_1_14' title="bbox 158 799 1487 848; baseline 0.001 -12"><span class='ocrx_word' id='word_1_83' title='bbox 158 806 201 836; x_wconf 87' lang='lat' dir='ltr'>ut</span> <span class='ocrx_word' id='word_1_84' title='bbox 230 799 306 836; x_wconf 87' lang='lat' dir='ltr'>hoc</span> <span class='ocrx_word' id='word_1_85' title='bbox 335 800 443 848; x_wconf 90' lang='lat' dir='ltr'>quod</span> <span class='ocrx_word' id='word_1_86' title='bbox 464 807 501 837; x_wconf 89' lang='lat' dir='ltr'>te</span> <span class='ocrx_word' id='word_1_87' title='bbox 522 807 589 836; x_wconf 92' lang='lat' dir='ltr'>tua</span> <span class='ocrx_word' id='word_1_88' title='bbox 612 808 752 848; x_wconf 89' lang='lat' dir='ltr'>sponte</span> <span class='ocrx_word' id='word_1_89' title='bbox 774 801 964 836; x_wconf 85' lang='lat' dir='ltr'>facturum</span> <span class='ocrx_word' id='word_1_90' title='bbox 987 813 1071 837; x_wconf 87' lang='lat' dir='ltr'>esse</span> <span class='ocrx_word' id='word_1_91' title='bbox 1092 807 1199 838; x_wconf 90' lang='lat' dir='ltr'>certo</span> <span class='ocrx_word' id='word_1_92' title='bbox 1224 800 1305 837; x_wconf 86' lang='lat' dir='ltr'>scio</span> <span class='ocrx_word' id='word_1_93' title='bbox 1327 800 1487 838; x_wconf 86' lang='lat' dir='ltr'>honoris</span> 
     </span>
     <span class='ocr_line' id='line_1_15' title="bbox 158 862 1530 917; baseline 0.002 -18"><span class='ocrx_word' id='word_1_94' title='bbox 158 862 279 901; x_wconf 86' lang='lat' dir='ltr'>nostri</span> <span class='ocrx_word' id='word_1_95' title='bbox 308 876 425 901; x_wconf 88' lang='lat' dir='ltr'>causa</span> <span class='ocrx_word' id='word_1_96' title='bbox 455 863 630 910; x_wconf 87' lang='lat' dir='ltr'>libenter,</span> <span class='ocrx_word' id='word_1_97' title='bbox 657 864 814 913; x_wconf 82' lang='lat' dir='ltr'>prolixe,</span> <span class='ocrx_word' id='word_1_98' title='bbox 843 864 1018 902; x_wconf 86' lang='lat' dir='ltr'>celeriter</span> <span class='ocrx_word' id='word_1_99' title='bbox 1047 864 1175 903; x_wconf 88' lang='lat' dir='ltr'>facias.</span> <span class='ocrx_word' id='word_1_100' title='bbox 1236 864 1338 902; x_wconf 86' lang='lat' dir='ltr'>Mihi</span> <span class='ocrx_word' id='word_1_101' title='bbox 1367 878 1486 902; x_wconf 88' lang='lat' dir='ltr'>nemo</span> <span class='ocrx_word' id='word_1_102' title='bbox 1506 878 1530 917; x_wconf 88' lang='lat'><strong>7</strong></span> 
     </span>
     <span class='ocr_line' id='line_1_16' title="bbox 158 927 1488 977; baseline 0.002 -13"><span class='ocrx_word' id='word_1_103' title='bbox 158 936 215 964; x_wconf 83' lang='lat' dir='ltr'>est</span> <span class='ocrx_word' id='word_1_104' title='bbox 243 927 406 965; x_wconf 84' lang='lat' dir='ltr'>amicior</span> <span class='ocrx_word' id='word_1_105' title='bbox 437 941 509 965; x_wconf 92' lang='lat' dir='ltr'>nec</span> <span class='ocrx_word' id='word_1_106' title='bbox 539 927 747 965; x_wconf 87' lang='lat' dir='ltr'>iucundior</span> <span class='ocrx_word' id='word_1_107' title='bbox 777 941 850 966; x_wconf 90' lang='lat' dir='ltr'>nec</span> <span class='ocrx_word' id='word_1_108' title='bbox 879 927 1003 966; x_wconf 90' lang='lat' dir='ltr'>carior</span> <span class='ocrx_word' id='word_1_109' title='bbox 1031 929 1191 977; x_wconf 80' lang='lat' dir='ltr'>Attico3</span> <span class='ocrx_word' id='word_1_110' title='bbox 1231 929 1342 967; x_wconf 91' lang='lat' dir='ltr'>cuius</span> <span class='ocrx_word' id='word_1_111' title='bbox 1371 937 1488 967; x_wconf 87' lang='lat' dir='ltr'>antea</span> 
     </span>
     <span class='ocr_line' id='line_1_17' title="bbox 158 992 1488 1043; baseline 0.002 -14"><span class='ocrx_word' id='word_1_112' title='bbox 158 1006 216 1029; x_wconf 82' lang='lat' dir='ltr'>res</span> <span class='ocrx_word' id='word_1_113' title='bbox 250 994 377 1029; x_wconf 86' lang='lat' dir='ltr'>solum</span> <span class='ocrx_word' id='word_1_114' title='bbox 410 992 606 1030; x_wconf 86' lang='lat' dir='ltr'>familiaris</span> <span class='ocrx_word' id='word_1_115' title='bbox 637 993 824 1042; x_wconf 84' lang='lat' dir='ltr'>agebatur</span> <span class='ocrx_word' id='word_1_116' title='bbox 853 1006 978 1041; x_wconf 90' lang='lat' dir='ltr'>eaque</span> <span class='ocrx_word' id='word_1_117' title='bbox 1007 1006 1158 1043; x_wconf 86' lang='lat' dir='ltr'>magna,</span> <span class='ocrx_word' id='word_1_118' title='bbox 1187 1007 1292 1031; x_wconf 91' lang='lat' dir='ltr'>nunc</span> <span class='ocrx_word' id='word_1_119' title='bbox 1322 994 1488 1031; x_wconf 85' lang='lat' dir='ltr'>accessit</span> 
     </span>
     <span class='ocr_line' id='line_1_18' title="bbox 157 1057 1489 1106; baseline 0.001 -12"><span class='ocrx_word' id='word_1_120' title='bbox 157 1057 274 1094; x_wconf 87' lang='lat' dir='ltr'>etiam</span> <span class='ocrx_word' id='word_1_121' title='bbox 291 1057 536 1104; x_wconf 74' lang='lat' dir='ltr'>existimatio,</span> <span class='ocrx_word' id='word_1_122' title='bbox 553 1065 595 1095; x_wconf 84' lang='lat' dir='ltr'>ut</span> <span class='ocrx_word' id='word_1_123' title='bbox 612 1059 720 1106; x_wconf 88' lang='lat' dir='ltr'>quod</span> <span class='ocrx_word' id='word_1_124' title='bbox 742 1064 978 1095; x_wconf 85' lang='lat' dir='ltr'>consecutus</span> <span class='ocrx_word' id='word_1_125' title='bbox 999 1065 1057 1094; x_wconf 88' lang='lat' dir='ltr'>est</span> <span class='ocrx_word' id='word_1_126' title='bbox 1079 1071 1220 1106; x_wconf 87' lang='lat' dir='ltr'>magna</span> <span class='ocrx_word' id='word_1_127' title='bbox 1239 1066 1278 1095; x_wconf 87' lang='lat' dir='ltr'>et</span> <span class='ocrx_word' id='word_1_128' title='bbox 1298 1057 1489 1096; x_wconf 88' lang='lat' dir='ltr'>industria</span> 
     </span>
     <span class='ocr_line' id='line_1_19' title="bbox 157 1121 1485 1172; baseline 0.001 -13"><span class='ocrx_word' id='word_1_129' title='bbox 157 1130 195 1159; x_wconf 88' lang='lat' dir='ltr'>et</span> <span class='ocrx_word' id='word_1_130' title='bbox 214 1122 334 1172; x_wconf 88' lang='lat' dir='ltr'>gratia</span> <span class='ocrx_word' id='word_1_131' title='bbox 354 1131 392 1160; x_wconf 90' lang='lat' dir='ltr'>et</span> <span class='ocrx_word' id='word_1_132' title='bbox 412 1123 500 1160; x_wconf 69' lang='lat' dir='ltr'>vivo</span> <span class='ocrx_word' id='word_1_133' title='bbox 523 1123 689 1161; x_wconf 69' lang='lat' dir='ltr'>Ctesare</span> <span class='ocrx_word' id='word_1_134' title='bbox 710 1129 747 1159; x_wconf 83' lang='lat' dir='ltr'>et</span> <span class='ocrx_word' id='word_1_135' title='bbox 768 1129 923 1159; x_wconf 89' lang='lat' dir='ltr'>mortuo</span> <span class='ocrx_word' id='word_1_136' title='bbox 945 1121 984 1158; x_wconf 86' lang='lat' dir='ltr'>id</span> <span class='ocrx_word' id='word_1_137' title='bbox 1006 1129 1042 1159; x_wconf 92' lang='lat' dir='ltr'>te</span> <span class='ocrx_word' id='word_1_138' title='bbox 1066 1122 1277 1160; x_wconf 76' lang='lat' dir='ltr'>adiuvante</span> <span class='ocrx_word' id='word_1_139' title='bbox 1298 1123 1485 1160; x_wconf 88' lang='lat' dir='ltr'>obtineat.</span> 
     </span>
    </p>
   </div>
   <div class='ocr_carea' id='block_1_7' title="bbox 120 1186 1489 1236">
    <p class='ocr_par' dir='ltr' id='par_1_7' title="bbox 120 1186 1489 1236">
     <span class='ocr_line' id='line_1_20' title="bbox 120 1186 1489 1236; baseline 0 -11"><span class='ocrx_word' id='word_1_140' title='bbox 120 1202 136 1231; x_wconf 79' lang='lat'>5</span> <span class='ocrx_word' id='word_1_141' title='bbox 157 1188 279 1236; x_wconf 87' lang='lat' dir='ltr'>Quod</span> <span class='ocrx_word' id='word_1_142' title='bbox 299 1187 329 1224; x_wconf 92' lang='lat' dir='ltr'>si</span> <span class='ocrx_word' id='word_1_143' title='bbox 350 1201 373 1225; x_wconf 91' lang='lat' dir='ltr'>a</span> <span class='ocrx_word' id='word_1_144' title='bbox 393 1195 430 1225; x_wconf 89' lang='lat' dir='ltr'>te</span> <span class='ocrx_word' id='word_1_145' title='bbox 451 1187 520 1225; x_wconf 91' lang='lat' dir='ltr'>erit</span> <span class='ocrx_word' id='word_1_146' title='bbox 541 1187 802 1236; x_wconf 87' lang='lat' dir='ltr'>impetratum,</span> <span class='ocrx_word' id='word_1_147' title='bbox 825 1186 880 1224; x_wconf 90' lang='lat' dir='ltr'>sic</span> <span class='ocrx_word' id='word_1_148' title='bbox 901 1186 1018 1224; x_wconf 86' lang='lat' dir='ltr'>velim</span> <span class='ocrx_word' id='word_1_149' title='bbox 1044 1186 1241 1225; x_wconf 84' lang='lat' dir='ltr'>existimes</span> <span class='ocrx_word' id='word_1_150' title='bbox 1268 1201 1332 1225; x_wconf 90' lang='lat' dir='ltr'>me</span> <span class='ocrx_word' id='word_1_151' title='bbox 1352 1189 1401 1225; x_wconf 90' lang='lat' dir='ltr'>de</span> <span class='ocrx_word' id='word_1_152' title='bbox 1421 1194 1489 1225; x_wconf 89' lang='lat' dir='ltr'>tua</span> 
     </span>
    </p>
   </div>
   <div class='ocr_carea' id='block_1_8' title="bbox 154 1252 1488 1484">
    <p class='ocr_par' dir='ltr' id='par_1_8' title="bbox 154 1252 1488 1484">
     <span class='ocr_line' id='line_1_21' title="bbox 156 1252 1487 1301; baseline 0.001 -12"><span class='ocrx_word' id='word_1_153' title='bbox 156 1252 385 1290; x_wconf 86' lang='lat' dir='ltr'>liberalitate</span> <span class='ocrx_word' id='word_1_154' title='bbox 413 1252 465 1289; x_wconf 91' lang='lat' dir='ltr'>ita</span> <span class='ocrx_word' id='word_1_155' title='bbox 491 1252 833 1301; x_wconf 83' lang='lat' dir='ltr'>interpretaturum</span> <span class='ocrx_word' id='word_1_156' title='bbox 863 1259 906 1289; x_wconf 89' lang='lat' dir='ltr'>ut</span> <span class='ocrx_word' id='word_1_157' title='bbox 930 1259 998 1289; x_wconf 91' lang='lat' dir='ltr'>tuo</span> <span class='ocrx_word' id='word_1_158' title='bbox 1025 1265 1182 1289; x_wconf 86' lang='lat' dir='ltr'>summo</span> <span class='ocrx_word' id='word_1_159' title='bbox 1209 1252 1404 1290; x_wconf 87' lang='lat' dir='ltr'>beneficio</span> <span class='ocrx_word' id='word_1_160' title='bbox 1424 1266 1487 1290; x_wconf 85' lang='lat' dir='ltr'>me</span> 
     </span>
     <span class='ocr_line' id='line_1_22' title="bbox 154 1316 1488 1368; baseline 0.001 -14"><span class='ocrx_word' id='word_1_161' title='bbox 154 1318 353 1354; x_wconf 87' lang='lat' dir='ltr'>adfectum</span> <span class='ocrx_word' id='word_1_162' title='bbox 381 1316 563 1354; x_wconf 87' lang='lat' dir='ltr'>iudicem.</span> <span class='ocrx_word' id='word_1_163' title='bbox 625 1318 709 1366; x_wconf 85' lang='lat' dir='ltr'>Ego</span> <span class='ocrx_word' id='word_1_164' title='bbox 737 1330 838 1366; x_wconf 86' lang='lat' dir='ltr'>quae</span> <span class='ocrx_word' id='word_1_165' title='bbox 865 1324 902 1354; x_wconf 91' lang='lat' dir='ltr'>te</span> <span class='ocrx_word' id='word_1_166' title='bbox 929 1318 1028 1354; x_wconf 86' lang='lat' dir='ltr'>velle</span> <span class='ocrx_word' id='word_1_167' title='bbox 1054 1330 1236 1367; x_wconf 89' lang='lat' dir='ltr'>quaeque</span> <span class='ocrx_word' id='word_1_168' title='bbox 1264 1319 1315 1356; x_wconf 88' lang='lat' dir='ltr'>ad</span> <span class='ocrx_word' id='word_1_169' title='bbox 1342 1325 1380 1355; x_wconf 92' lang='lat' dir='ltr'>te</span> <span class='ocrx_word' id='word_1_170' title='bbox 1406 1331 1488 1368; x_wconf 87' lang='lat' dir='ltr'>per-</span> 
     </span>
     <span class='ocr_line' id='line_1_23' title="bbox 155 1381 1486 1433; baseline 0.001 -14"><span class='ocrx_word' id='word_1_171' title='bbox 155 1381 277 1419; x_wconf 88' lang='lat' dir='ltr'>tinere</span> <span class='ocrx_word' id='word_1_172' title='bbox 296 1381 512 1420; x_wconf 86' lang='lat' dir='ltr'>arbitrabor</span> <span class='ocrx_word' id='word_1_173' title='bbox 532 1381 708 1420; x_wconf 85' lang='lat' dir='ltr'>studiose</span> <span class='ocrx_word' id='word_1_174' title='bbox 723 1381 1009 1432; x_wconf 83' lang='lat' dir='ltr'>diligenterque</span> <span class='ocrx_word' id='word_1_175' title='bbox 1029 1382 1187 1421; x_wconf 87' lang='lat' dir='ltr'>curabo.</span> <span class='ocrx_word' id='word_1_176' title='bbox 1244 1384 1307 1420; x_wconf 92' lang='lat' dir='ltr'>Da</span> <span class='ocrx_word' id='word_1_177' title='bbox 1327 1395 1486 1433; x_wconf 85' lang='lat' dir='ltr'>operam</span> 
     </span>
     <span class='ocr_line' id='line_1_24' title="bbox 155 1447 354 1484; baseline 0 0"><span class='ocrx_word' id='word_1_178' title='bbox 155 1454 196 1484; x_wconf 90' lang='lat' dir='ltr'>ut</span> <span class='ocrx_word' id='word_1_179' title='bbox 215 1447 354 1484; x_wconf 87' lang='lat' dir='ltr'>valeas.</span> 
     </span>
    </p>
   </div>
   <div class='ocr_carea' id='block_1_9' title="bbox 794 1531 838 1568">
    <p class='ocr_par' dir='ltr' id='par_1_9' title="bbox 794 1531 838 1568">
     <span class='ocr_line' id='line_1_25' title="bbox 794 1531 838 1568; baseline -0.023 0"><span class='ocrx_word' id='word_1_180' title='bbox 794 1531 838 1568; x_wconf 90' lang='lat' dir='ltr'>B.</span> 
     </span>
    </p>
   </div>
   <div class='ocr_carea' id='block_1_10' title="bbox 364 1617 1273 1726">
    <p class='ocr_par' dir='ltr' id='par_1_10' title="bbox 364 1617 1273 1726">
     <span class='ocr_line' id='line_1_26' title="bbox 590 1617 1046 1658; baseline 0.002 -10"><span class='ocrx_word' id='word_1_181' title='bbox 590 1617 660 1649; x_wconf 78' lang='lat' dir='ltr'>Ser.</span> <span class='ocrx_word' id='word_1_182' title='bbox 677 1617 863 1658; x_wconf 76' lang='lat' dir='ltr'>paulopost</span> <span class='ocrx_word' id='word_1_183' title='bbox 879 1623 925 1658; x_wconf 75' lang='lat' dir='ltr'>ep.</span> <span class='ocrx_word' id='word_1_184' title='bbox 946 1618 986 1648; x_wconf 90' lang='lat'>16</span> <span class='ocrx_word' id='word_1_185' title='bbox 999 1618 1046 1649; x_wconf 86' lang='lat' dir='ltr'>A.</span> 
     </span>
     <span class='ocr_line' id='line_1_27' title="bbox 364 1693 1273 1726; baseline 0.001 -2"><span class='ocrx_word' id='word_1_186' title='bbox 364 1693 539 1725; x_wconf 83' lang='lat' dir='ltr'>CICERO</span> <span class='ocrx_word' id='word_1_187' title='bbox 573 1694 757 1725; x_wconf 89' lang='lat' dir='ltr'>PLANCO</span> <span class='ocrx_word' id='word_1_188' title='bbox 791 1694 957 1725; x_wconf 81' lang='lat' dir='ltr'><strong>PRAET.</strong></span> <span class='ocrx_word' id='word_1_189' title='bbox 991 1694 1141 1726; x_wconf 82' lang='lat' dir='ltr'>DESIG.</span> <span class='ocrx_word' id='word_1_190' title='bbox 1174 1694 1273 1725; x_wconf 86' lang='lat' dir='ltr'>SAL.</span> 
     </span>
    </p>
   </div>
   <div class='ocr_carea' id='block_1_11' title="bbox 152 1771 1526 2405">
    <p class='ocr_par' dir='ltr' id='par_1_11' title="bbox 152 1771 1526 2405">
     <span class='ocr_line' id='line_1_28' title="bbox 208 1771 1526 1822; baseline 0 -13"><span class='ocrx_word' id='word_1_191' title='bbox 208 1772 293 1809; x_wconf 91' lang='lat' dir='ltr'>Iam</span> <span class='ocrx_word' id='word_1_192' title='bbox 334 1779 451 1810; x_wconf 87' lang='lat' dir='ltr'>antea</span> <span class='ocrx_word' id='word_1_193' title='bbox 490 1772 609 1822; x_wconf 87' lang='lat' dir='ltr'>petivi</span> <span class='ocrx_word' id='word_1_194' title='bbox 651 1773 722 1810; x_wconf 90' lang='lat' dir='ltr'>abs</span> <span class='ocrx_word' id='word_1_195' title='bbox 765 1780 803 1810; x_wconf 89' lang='lat' dir='ltr'>te</span> <span class='ocrx_word' id='word_1_196' title='bbox 845 1785 914 1822; x_wconf 89' lang='lat' dir='ltr'>per</span> <span class='ocrx_word' id='word_1_197' title='bbox 955 1771 1100 1810; x_wconf 86' lang='lat' dir='ltr'>litteras</span> <span class='ocrx_word' id='word_1_198' title='bbox 1142 1780 1193 1819; x_wconf 89' lang='lat' dir='ltr'>ut,</span> <span class='ocrx_word' id='word_1_199' title='bbox 1234 1785 1325 1810; x_wconf 89' lang='lat' dir='ltr'>cum</span> <span class='ocrx_word' id='word_1_200' title='bbox 1366 1771 1526 1809; x_wconf 87' lang='lat' dir='ltr'>causa8</span> 
     </span>
     <span class='ocr_line' id='line_1_29' title="bbox 155 1835 1483 1887; baseline 0.002 -15"><span class='ocrx_word' id='word_1_201' title='bbox 155 1835 449 1874; x_wconf 88' lang='lat' dir='ltr'>Buthrotiorum</span> <span class='ocrx_word' id='word_1_202' title='bbox 488 1837 651 1887; x_wconf 84' lang='lat' dir='ltr'>probata</span> <span class='ocrx_word' id='word_1_203' title='bbox 688 1850 712 1875; x_wconf 87' lang='lat' dir='ltr'>a</span> <span class='ocrx_word' id='word_1_204' title='bbox 744 1837 973 1876; x_wconf 89' lang='lat' dir='ltr'>consulibus</span> <span class='ocrx_word' id='word_1_205' title='bbox 1012 1845 1114 1875; x_wconf 89' lang='lat' dir='ltr'>esset</span> <span class='ocrx_word' id='word_1_206' title='bbox 1152 1837 1296 1887; x_wconf 89' lang='lat' dir='ltr'>quibus</span> <span class='ocrx_word' id='word_1_207' title='bbox 1330 1844 1368 1874; x_wconf 89' lang='lat' dir='ltr'>et</span> <span class='ocrx_word' id='word_1_208' title='bbox 1399 1838 1483 1886; x_wconf 88' lang='lat' dir='ltr'>lege</span> 
     </span>
     <span class='ocr_line' id='line_1_30' title="bbox 153 1901 1483 1952; baseline 0.001 -14"><span class='ocrx_word' id='word_1_209' title='bbox 153 1908 191 1938; x_wconf 88' lang='lat' dir='ltr'>et</span> <span class='ocrx_word' id='word_1_210' title='bbox 225 1908 382 1939; x_wconf 87' lang='lat' dir='ltr'>senatus</span> <span class='ocrx_word' id='word_1_211' title='bbox 415 1903 597 1940; x_wconf 86' lang='lat' dir='ltr'>consulto</span> <span class='ocrx_word' id='word_1_212' title='bbox 635 1902 868 1952; x_wconf 87' lang='lat' dir='ltr'>permissum</span> <span class='ocrx_word' id='word_1_213' title='bbox 903 1910 983 1940; x_wconf 90' lang='lat' dir='ltr'>erat</span> <span class='ocrx_word' id='word_1_214' title='bbox 1015 1910 1057 1940; x_wconf 91' lang='lat' dir='ltr'>ut</span> <span class='ocrx_word' id='word_1_215' title='bbox 1090 1903 1141 1940; x_wconf 94' lang='lat' dir='ltr'>de</span> <span class='ocrx_word' id='word_1_216' title='bbox 1172 1902 1349 1941; x_wconf 87' lang='lat' dir='ltr'>Caesaris</span> <span class='ocrx_word' id='word_1_217' title='bbox 1387 1901 1483 1939; x_wconf 84' lang='lat' dir='ltr'>actis</span> 
     </span>
     <span class='ocr_line' id='line_1_31' title="bbox 153 1966 1483 2014; baseline 0.001 -12"><span class='ocrx_word' id='word_1_218' title='bbox 153 1974 444 2014; x_wconf 82' lang='lat' dir='ltr'>cognoscerent,</span> <span class='ocrx_word' id='word_1_219' title='bbox 474 1974 696 2014; x_wconf 89' lang='lat' dir='ltr'>statuerent,</span> <span class='ocrx_word' id='word_1_220' title='bbox 724 1967 954 2014; x_wconf 86' lang='lat' dir='ltr'>iudicarent,</span> <span class='ocrx_word' id='word_1_221' title='bbox 981 1981 1067 2005; x_wconf 88' lang='lat' dir='ltr'>eam</span> <span class='ocrx_word' id='word_1_222' title='bbox 1098 1980 1178 2004; x_wconf 92' lang='lat' dir='ltr'>rem</span> <span class='ocrx_word' id='word_1_223' title='bbox 1209 1974 1251 2004; x_wconf 88' lang='lat' dir='ltr'>tu</span> <span class='ocrx_word' id='word_1_224' title='bbox 1279 1966 1483 2004; x_wconf 79' lang='lat' dir='ltr'>adiuvares</span> 
     </span>
     <span class='ocr_line' id='line_1_32' title="bbox 153 2029 1481 2081; baseline 0 -14"><span class='ocrx_word' id='word_1_225' title='bbox 153 2029 409 2079; x_wconf 89' lang='lat' dir='ltr'>Atticumque</span> <span class='ocrx_word' id='word_1_226' title='bbox 436 2038 611 2068; x_wconf 89' lang='lat' dir='ltr'>nostrum</span> <span class='ocrx_word' id='word_1_227' title='bbox 638 2032 749 2070; x_wconf 88' lang='lat' dir='ltr'>cuius</span> <span class='ocrx_word' id='word_1_228' title='bbox 774 2039 811 2070; x_wconf 87' lang='lat' dir='ltr'>te</span> <span class='ocrx_word' id='word_1_229' title='bbox 838 2032 1059 2070; x_wconf 88' lang='lat' dir='ltr'>studiosum</span> <span class='ocrx_word' id='word_1_230' title='bbox 1087 2031 1254 2081; x_wconf 84' lang='lat' dir='ltr'>cognovi</span> <span class='ocrx_word' id='word_1_231' title='bbox 1274 2039 1312 2069; x_wconf 91' lang='lat' dir='ltr'>et</span> <span class='ocrx_word' id='word_1_232' title='bbox 1332 2044 1395 2068; x_wconf 90' lang='lat' dir='ltr'>me</span> <span class='ocrx_word' id='word_1_233' title='bbox 1415 2030 1481 2080; x_wconf 89' lang='lat' dir='ltr'>qui</span> 
     </span>
     <span class='ocr_line' id='line_1_33' title="bbox 153 2093 1483 2134; baseline 0.002 -4"><span class='ocrx_word' id='word_1_234' title='bbox 153 2107 233 2131; x_wconf 91' lang='lat' dir='ltr'>non</span> <span class='ocrx_word' id='word_1_235' title='bbox 258 2093 387 2131; x_wconf 89' lang='lat' dir='ltr'>minus</span> <span class='ocrx_word' id='word_1_236' title='bbox 408 2095 543 2132; x_wconf 89' lang='lat' dir='ltr'>laboro</span> <span class='ocrx_word' id='word_1_237' title='bbox 564 2095 743 2133; x_wconf 88' lang='lat' dir='ltr'>molestia</span> <span class='ocrx_word' id='word_1_238' title='bbox 762 2095 954 2134; x_wconf 85' lang='lat' dir='ltr'>liberares.</span> <span class='ocrx_word' id='word_1_239' title='bbox 1014 2096 1212 2134; x_wconf 88' lang='lat' dir='ltr'>Omnibus</span> <span class='ocrx_word' id='word_1_240' title='bbox 1238 2095 1342 2133; x_wconf 89' lang='lat' dir='ltr'>enim</span> <span class='ocrx_word' id='word_1_241' title='bbox 1367 2095 1483 2133; x_wconf 93' lang='lat' dir='ltr'>rebus</span> 
     </span>
     <span class='ocr_line' id='line_1_34' title="bbox 153 2160 1483 2210; baseline 0.002 -15"><span class='ocrx_word' id='word_1_242' title='bbox 153 2171 295 2208; x_wconf 83' lang='lat' dir='ltr'>magna</span> <span class='ocrx_word' id='word_1_243' title='bbox 321 2172 425 2205; x_wconf 81' lang='lat' dir='ltr'>cura,</span> <span class='ocrx_word' id='word_1_244' title='bbox 446 2161 568 2197; x_wconf 88' lang='lat' dir='ltr'>multa</span> <span class='ocrx_word' id='word_1_245' title='bbox 597 2173 716 2209; x_wconf 87' lang='lat' dir='ltr'>opera</span> <span class='ocrx_word' id='word_1_246' title='bbox 744 2168 781 2198; x_wconf 88' lang='lat' dir='ltr'>et</span> <span class='ocrx_word' id='word_1_247' title='bbox 808 2161 941 2198; x_wconf 89' lang='lat' dir='ltr'>labore</span> <span class='ocrx_word' id='word_1_248' title='bbox 967 2160 1156 2199; x_wconf 85' lang='lat' dir='ltr'>confectis</span> <span class='ocrx_word' id='word_1_249' title='bbox 1183 2160 1222 2197; x_wconf 88' lang='lat' dir='ltr'>in</span> <span class='ocrx_word' id='word_1_250' title='bbox 1248 2168 1285 2198; x_wconf 90' lang='lat' dir='ltr'>te</span> <span class='ocrx_word' id='word_1_251' title='bbox 1312 2160 1483 2210; x_wconf 87' lang='lat' dir='ltr'>positum</span> 
     </span>
     <span class='ocr_line' id='line_1_35' title="bbox 153 2223 1485 2274; baseline 0.002 -14"><span class='ocrx_word' id='word_1_252' title='bbox 153 2230 210 2260; x_wconf 88' lang='lat' dir='ltr'>est</span> <span class='ocrx_word' id='word_1_253' title='bbox 233 2230 273 2260; x_wconf 88' lang='lat' dir='ltr'>ut</span> <span class='ocrx_word' id='word_1_254' title='bbox 295 2230 449 2261; x_wconf 88' lang='lat' dir='ltr'>nostrae</span> <span class='ocrx_word' id='word_1_255' title='bbox 476 2223 749 2262; x_wconf 87' lang='lat' dir='ltr'>sollicitudinis</span> <span class='ocrx_word' id='word_1_256' title='bbox 777 2226 895 2262; x_wconf 87' lang='lat' dir='ltr'>finem</span> <span class='ocrx_word' id='word_1_257' title='bbox 917 2238 1034 2274; x_wconf 85' lang='lat' dir='ltr'>quam</span> <span class='ocrx_word' id='word_1_258' title='bbox 1057 2225 1226 2274; x_wconf 89' lang='lat' dir='ltr'>primum</span> <span class='ocrx_word' id='word_1_259' title='bbox 1251 2226 1377 2262; x_wconf 86' lang='lat' dir='ltr'>facere</span> <span class='ocrx_word' id='word_1_260' title='bbox 1398 2238 1485 2274; x_wconf 91' lang='lat' dir='ltr'>pos·</span> 
     </span>
     <span class='ocr_line' id='line_1_36' title="bbox 154 2287 1482 2339; baseline 0.002 -15"><span class='ocrx_word' id='word_1_261' title='bbox 154 2287 285 2325; x_wconf 88' lang='lat' dir='ltr'>simus.</span> <span class='ocrx_word' id='word_1_262' title='bbox 350 2288 602 2337; x_wconf 82' lang='lat' dir='ltr'>Quamquam</span> <span class='ocrx_word' id='word_1_263' title='bbox 637 2287 896 2337; x_wconf 87' lang='lat' dir='ltr'>intellegimus</span> <span class='ocrx_word' id='word_1_264' title='bbox 935 2303 981 2327; x_wconf 90' lang='lat' dir='ltr'>ea</span> <span class='ocrx_word' id='word_1_265' title='bbox 1012 2296 1050 2327; x_wconf 89' lang='lat' dir='ltr'>te</span> <span class='ocrx_word' id='word_1_266' title='bbox 1083 2303 1168 2327; x_wconf 87' lang='lat' dir='ltr'>esse</span> <span class='ocrx_word' id='word_1_267' title='bbox 1202 2288 1410 2339; x_wconf 90' lang='lat' dir='ltr'>prudentia</span> <span class='ocrx_word' id='word_1_268' title='bbox 1440 2296 1482 2326; x_wconf 93' lang='lat' dir='ltr'>ut</span> 
     </span>
     <span class='ocr_line' id='line_1_37' title="bbox 152 2351 1482 2405; baseline 0.001 -15"><span class='ocrx_word' id='word_1_269' title='bbox 152 2352 300 2405; x_wconf 71' lang='lat' dir='ltr'>&#39;videas,</span> <span class='ocrx_word' id='word_1_270' title='bbox 320 2351 350 2389; x_wconf 86' lang='lat' dir='ltr'>si</span> <span class='ocrx_word' id='word_1_271' title='bbox 377 2365 423 2390; x_wconf 89' lang='lat' dir='ltr'>ea</span> <span class='ocrx_word' id='word_1_272' title='bbox 444 2353 599 2391; x_wconf 85' lang='lat' dir='ltr'>decreta</span> <span class='ocrx_word' id='word_1_273' title='bbox 625 2354 833 2391; x_wconf 87' lang='lat' dir='ltr'>consulum</span> <span class='ocrx_word' id='word_1_274' title='bbox 854 2367 954 2403; x_wconf 91' lang='lat' dir='ltr'>quae</span> <span class='ocrx_word' id='word_1_275' title='bbox 975 2354 1025 2392; x_wconf 90' lang='lat' dir='ltr'>de</span> <span class='ocrx_word' id='word_1_276' title='bbox 1046 2353 1223 2393; x_wconf 86' lang='lat' dir='ltr'>Caesaris</span> <span class='ocrx_word' id='word_1_277' title='bbox 1246 2353 1342 2392; x_wconf 88' lang='lat' dir='ltr'>actis</span> <span class='ocrx_word' id='word_1_278' title='bbox 1370 2353 1482 2392; x_wconf 91' lang='lat' dir='ltr'>inter-</span> 
     </span>
    </p>
   </div>
   <div class='ocr_carea' id='block_1_12' title="bbox 554 2457 1395 2533">
    <p class='ocr_par' dir='ltr' id='par_1_12' title="bbox 554 2457 1395 2533">
     <span class='ocr_line' id='line_1_38' title="bbox 554 2457 1395 2533; baseline 0.001 -45"><span class='ocrx_word' id='word_1_279' title='bbox 554 2466 568 2488; x_wconf 91' lang='lat'>1</span> <span class='ocrx_word' id='word_1_280' title='bbox 595 2467 729 2489; x_wconf 87' lang='lat' dir='ltr'>causam</span> <span class='ocrx_word' id='word_1_281' title='bbox 749 2457 836 2489; x_wconf 84' lang='lat' dir='ltr'>Crat.</span> <span class='ocrx_word' id='word_1_282' title='bbox 854 2469 861 2490; x_wconf 90' lang='lat'>:</span> <span class='ocrx_word' id='word_1_283' title='bbox 891 2468 1009 2490; x_wconf 89' lang='lat' dir='ltr'>causas</span> <span class='ocrx_word' id='word_1_284' title='bbox 1027 2462 1080 2489; x_wconf 91' lang='grc' dir='ltr'>ΣΔ</span> <span class='ocrx_word' id='word_1_285' title='bbox 1332 2501 1395 2533; x_wconf 69' lang='lat'>37*</span> 
     </span>
    </p>
   </div>
  </div>
 </body>
</html>
