1827 2798
210 130 281 167 XI.
306 128 351 166 xi
673 129 730 166 M.
761 128 930 166 TVLLI
961 127 1267 166 CICERONIS

310 242 387 280 hoc
426 240 565 288 minus,
600 240 709 289 quod
745 252 804 277 res
836 239 942 276 nulla
974 245 1031 276 est
1077 250 1179 287 quae
1217 236 1425 276 scn'benda
1456 235 1514 283 sit,
1549 249 1639 274 cum

310 305 534 355 praesertim
556 318 606 343 ne
627 317 715 354 spes
736 303 898 353 quidem
920 304 998 340 ulla
1018 303 1248 340 ostendatur
1267 303 1348 340 fore
1370 301 1519 340 melius.
1580 302 1640 338 Ita

310 371 386 408 iarn
416 384 464 408 ne
499 378 584 407 tuas
619 369 780 419 quidem
811 368 956 406 litteras
987 375 1182 417 exspecto,
1210 380 1452 417 quamquam
1487 379 1641 415 semper

308 435 415 473 aliud
446 435 628 472 adferunt
661 434 769 483 quod
801 433 929 471 velim.
1003 434 1094 481 Qua
1128 446 1168 470 re
1199 440 1240 470 tu
1273 432 1434 481 quidem
1466 430 1637 476 scribito,

309 514 399 538 cum
434 499 505 538 erit
537 499 630 549 quoi
664 500 745 537 des.
806 500 892 548 Ego
926 497 1001 535 tuis
1034 497 1230 547 proximis,
1266 510 1362 546 quas
1397 504 1529 534 tamen
1562 495 1638 532 iam
1661 509 1676 539 ς

310 565 462 615 pridem
495 563 641 613 accepi,
676 562 772 601 nihil
804 563 934 601 habeo
968 563 1076 612 quod
1108 562 1344 609 rescribam;
1384 563 1503 610 longo
1534 560 1638 598 enirn

310 631 513 668 intervallo
534 629 650 668 video
678 629 884 666 immutata
903 642 988 666 esse
1013 627 1170 674 omnia3
1199 627 1264 665 illa
1289 640 1375 665 esse
1399 628 1510 664 firma
1539 639 1640 676 quae

311 696 494 741 debeant,
511 708 583 733 nos
605 693 791 732 stultitiae
812 701 968 732 nostrae
988 692 1233 742 gravissimas
1254 706 1402 742 poenas
1423 692 1606 742 pendere.

269 768 293 794 2
368 763 407 798 P.
431 759 615 798 Sallustio
645 759 819 797 curanda
852 765 943 796 sunt
976 760 1057 796 HS.
1093 758 1184 795 ἱῑῐ
1216 771 1318 807 quae
1349 756 1483 807 accepi
1512 770 1535 794 a
1564 757 1638 795 Cn.

312 824 505 863 Sallustio.
564 824 694 862 Velim
716 823 849 861 videas
874 830 916 860 ut
943 821 1026 860 sine
1054 836 1162 861 mora
1186 830 1380 860 curentur.
1441 824 1502 859 De
1529 835 1575 859 ea
1600 833 1640 858 re

310 889 445 939 scripsi
476 890 527 927 ad
559 888 797 927 Terentiam.
858 889 991 937 Atque
1023 889 1099 925 hoc
1128 887 1258 937 ipsum
1289 886 1366 924 iam
1399 900 1521 936 prope
1551 899 1643 924 con-

311 962 512 1004 sumptum
541 961 609 992 est.
670 954 761 1002 Qua
786 967 825 991 re
850 952 890 990 id
916 966 1075 1002 quoque
1095 952 1212 990 velim
1235 965 1325 990 cum
1347 951 1411 989 illa
1431 951 1576 997 videas,
1599 958 1641 988 ut

311 1020 359 1057 sit
389 1019 456 1069 qui
486 1026 652 1057 utamur.
715 1018 794 1056 Hic
825 1020 986 1056 fortasse
1007 1025 1145 1068 potero
1167 1031 1330 1064 sumere,
1355 1017 1527 1055 sisciam
1555 1015 1641 1054 istic

314 1092 489 1134 paratum
520 1085 629 1131 fore3
659 1084 743 1129 sed,
763 1083 868 1133 prius
894 1097 1013 1133 quam
1041 1083 1081 1121 id
1109 1083 1259 1129 scirem,
1283 1082 1380 1120 nihil
1407 1096 1494 1120 sum
1523 1094 1641 1120 ausus

312 1162 476 1187 sumere.
547 1148 627 1197 Qui
676 1148 724 1186 sit
771 1147 950 1186 omnium
998 1162 1126 1186 rerum
1175 1155 1297 1186 status
1345 1155 1478 1185 noster
1518 1146 1639 1185 vides.
1688 1159 1699 1166 ·

313 1214 422 1251 Nihil
443 1222 500 1252 est
522 1214 612 1252 mali
634 1214 741 1263 quod
770 1227 849 1251 non
875 1221 912 1251 et
939 1213 1153 1251 sustineam
1178 1221 1216 1251 et
1243 1220 1478 1262 exspectem.
1538 1213 1643 1260 Qua-

312 1292 397 1316 rum
428 1292 555 1317 rerum
586 1292 633 1316 eo
659 1278 811 1328 gravior
837 1286 895 1316 est
924 1279 1037 1316 dolor
1064 1291 1144 1327 quo
1171 1279 1286 1326 culpa
1307 1276 1439 1314 maior.
1500 1277 1573 1313 Ille
1602 1275 1641 1313 in

312 1343 463 1381 Achaia
484 1356 564 1380 non
585 1350 710 1381 cessat
732 1343 781 1380 de
803 1342 917 1380 nobis
945 1343 1159 1380 detrahere.
1220 1341 1329 1379 Nihil
1349 1339 1531 1378 videlicet
1553 1346 1642 1378 tuae

314 1408 461 1446 litterae
481 1409 741 1458 profecerunt.
801 1408 910 1445 Vale.
970 1419 1044 1444 V111
1069 1408 1165 1445 Idus
1188 1408 1302 1444 Mart.

355 1580 447 1615 XII
610 1583 678 1615 Scr.
700 1582 865 1613 Brundisi
878 1583 936 1614 viii
947 1583 997 1614 Id.
1018 1582 1118 1614 Mart.
1136 1593 1165 1615 a.
1188 1593 1247 1623 707
1266 1582 1299 1623 (4
1307 1583 1349 1624 7).

724 1677 900 1709 CICERO
925 1677 1096 1708 ATTICO
1123 1677 1221 1708 SAL.

280 1778 298 1806 1
368 1766 563 1816 Cephalio
594 1765 689 1803 mihi
719 1779 743 1803 a
768 1773 806 1804 te
837 1765 981 1803 litteras
1013 1765 1184 1803 reddidit
1208 1779 1240 1803 a.
1265 1766 1301 1803 d.
1327 1777 1400 1802 vm
1433 1765 1493 1804 Id.
1525 1767 1639 1803 Mart.

314 1846 485 1882 vespere.
546 1833 607 1869 Eo
636 1838 767 1868 autem
790 1831 854 1869 die
876 1844 992 1869 mane
1014 1830 1236 1868 tabellarios
1259 1830 1439 1868 miseram
1458 1845 1468 1878 ,-
1498 1830 1643 1880 quibus

312 1899 363 1936 ad
398 1906 434 1935 te
469 1898 655 1935 dederam
689 1897 843 1935 litteras,
905 1897 1002 1935 Tuis
1037 1904 1169 1935 tamen
1203 1896 1312 1934 lectis
1344 1896 1479 1934 litteris
1510 1895 1643 1945 putavi

314 1964 389 2001 iam
410 1962 559 2012 aliquid
580 1962 876 2001 rescribendum
898 1977 984 2001 esse
1008 1976 1054 2000 ea
1081 1976 1120 2000 re
1148 1961 1316 1999 maxime
1337 1962 1445 2010 quod
1467 1961 1643 1999 ostendis
1687 1974 1702 2003 5

314 2036 350 2066 te
372 2028 543 2077 pendere
563 2026 683 2065 animi
708 2041 922 2077 quamnam
943 2027 1134 2066 rationem
1163 2027 1235 2064 sim
1262 2026 1419 2065 Caesari
1443 2028 1643 2064 adlaturus

313 2092 565 2142 profectionis
601 2106 712 2130 meae
747 2101 830 2130 tum
866 2106 956 2131 cum
989 2106 1036 2131 ex
1071 2092 1184 2130 Italia
1216 2092 1472 2130 discesserim.
1534 2091 1643 2129 Nihil

313 2171 412 2208 opus
442 2165 500 2196 est
529 2157 625 2196 mihi
655 2171 756 2196 nova
786 2157 946 2196 ratione.
1006 2160 1131 2207 Saepe
1162 2157 1267 2195 enirn
1297 2158 1349 2196 ad
1383 2171 1473 2196 eum
1508 2156 1643 2206 scripsi

361 2275 373 2294 1
402 2263 482 2304 hoc]
508 2275 596 2294 nunc
622 2264 685 2294 hoc
709 2265 787 2294 com'.
810 2263 1014 2302 Wesenberg:
1041 2263 1123 2302 sort.
1144 2264 1207 2294 iam
1232 2264 1285 2298 (ex
1300 2263 1320 2294 l.
1340 2263 1374 2302 3)
1393 2264 1456 2294 lmc
1471 2267 1642 2302 transpon-

313 2308 436 2339 endum
571 2318 588 2346 7
614 2312 738 2338 mutata
760 2307 806 2337 W
924 2309 944 2337 8
969 2307 1091 2337 debent
1108 2308 1157 2337 vel
1171 2308 1340 2337 debebant
1357 2307 1433 2339 coni.
1457 2308 1646 2346 ll'esenbmg

314 2363 354 2391 23
379 2352 513 2391 vesperi
535 2350 724 2391 lVescnbeoeg
854 2361 895 2390 25
921 2362 960 2381 ea
978 2361 1014 2381 re
1035 2350 1098 2382 11³:
1123 2361 1164 2381 eo
1180 2350 1259 2381 M²:
1282 2361 1347 2381 om.
1370 2349 1420 2380 Μ
