1827 2798
567 158 678 195 EPP.
711 158 788 194 AD
817 158 1075 196 ATTICVM
1437 161 1484 198 X.
1509 161 1585 197 xiii

150 268 329 307 Ocellam
350 274 388 305 et
408 275 559 306 ceteros
579 269 699 306 credo
719 270 943 307 retardatos.
1003 271 1062 308 Te
1082 283 1242 319 quoque
1262 284 1284 308 a
1302 270 1476 310 Curione

150 332 331 382 impediri
351 332 477 370 video.
537 333 632 380 Etsi,
654 341 696 371 ut
716 333 866 384 opinor,
889 334 1036 376 habes†
1058 339 1382 375 EKITAONON.

191 510 301 545 XIV
434 513 503 546 Ser.
525 515 558 545 in
578 514 730 546 Cumano
746 515 803 546 viii
816 515 864 547 Id.
885 515 964 548 Mai.
985 527 1014 548 a.
1035 527 1090 557 705
1107 518 1191 559 (49).

563 602 735 633 CICERO
757 602 937 634 ATTICO
959 602 1062 635 SAL.

110 693 127 724 5
201 680 238 718 O
263 679 382 718 vitam
407 679 587 718 miseram
614 680 818 729 maiusque
839 682 984 718 malum
1006 690 1085 719 tam
1107 681 1174 720 diu
1196 682 1331 722 timere
1352 697 1470 733 quam
1493 698 1511 725 1

147 751 205 782 est
236 744 333 782 illud
364 744 492 794 ipsum
525 745 633 794 quod
664 744 843 783 timetur!
902 745 1067 793 Servius,
1100 754 1142 784 ut
1173 756 1288 786 antea
1322 748 1468 798 scripsi,

146 822 237 846 cum
271 809 441 847 venisset
476 809 603 847 Nonis
640 809 767 855 Maiis,
803 810 990 859 postridie
1021 813 1070 849 ad
1107 825 1169 850 me
1203 826 1318 851 mane
1352 813 1467 851 venit.

147 874 210 911 Ne
249 873 394 911 diutius
433 882 470 911 te
505 881 673 921 teneam,
707 874 850 911 nullius
884 875 1020 914 consili
1055 876 1200 914 exitum
1236 877 1466 916 invenimus.

148 938 378 987 Numquam
426 937 507 976 vidi
555 937 757 975 hominem
800 939 1121 987 perturbatiorem
1163 949 1292 988 metu,
1340 956 1470 992 neque

88 1016 128 1039 10
148 1002 305 1040 hercule
322 1001 533 1051 quicquam
555 1001 717 1039 timebat
734 1003 840 1051 quod
863 1016 941 1040 non
964 1012 1064 1041 esset
1085 1004 1329 1051 timendum3
1359 1006 1468 1044 illum

146 1066 220 1104 sibi
251 1066 401 1112 iratum,
436 1067 542 1103 hunc
573 1079 654 1103 non
687 1065 883 1113 amicum;
921 1067 1147 1105 horribilem
1183 1068 1383 1118 utriusque
1416 1070 1468 1107 vi-

145 1130 307 1168 ctoriam
324 1143 413 1168 cum
431 1137 588 1179 propter
603 1129 759 1167 alterius
777 1130 1058 1178 crudelitatem,
1074 1132 1230 1170 alterius
1247 1134 1464 1181 audaciam,

143 1203 226 1233 tum
247 1203 405 1245 propter
424 1194 626 1244 utriusque
647 1194 916 1233 difficultatem
942 1196 1206 1245 pecuniariam
1221 1213 1231 1245 3
1261 1211 1361 1247 quae
1386 1198 1468 1237 erui

144 1273 338 1309 nusquam
359 1258 433 1297 nisi
454 1273 500 1297 ex
523 1258 761 1308 privatorum
789 1259 903 1298 bonis
929 1268 1073 1310 posset.
1132 1263 1264 1311 Atque
1291 1264 1388 1301 haec
1415 1263 1468 1301 ita

88 1339 123 1369 15
145 1324 275 1362 multis
309 1337 399 1362 cum
434 1323 602 1361 lacrimis
641 1324 875 1373 loquebatur
912 1332 954 1362 ut
992 1339 1064 1375 ego
1099 1326 1255 1365 mirarer
1288 1341 1353 1365 eas
1387 1335 1466 1365 tam

143 1388 327 1427 diuturna
361 1388 514 1427 miseria
546 1403 628 1427 non
663 1389 866 1427 exaruisse.
928 1390 1028 1428 Mihi
1063 1391 1223 1440 quidem
1254 1392 1371 1430 etiam
1402 1392 1470 1443 lip-

142 1453 282 1502 pitudo
303 1455 410 1501 haec,
434 1462 593 1504 propter
620 1467 738 1504 quam
767 1468 847 1492 non
875 1453 956 1504 ipse
983 1456 1033 1493 ad
1061 1463 1098 1493 te
1123 1456 1261 1503 scribo,
1285 1456 1368 1494 sine
1392 1458 1470 1495 ulla

142 1518 301 1556 lacrima
330 1527 387 1557 est
412 1521 481 1557 sed
510 1520 664 1570 saepius
693 1519 830 1557 odiosa
855 1527 912 1557 est
940 1528 1096 1569 propter
1118 1520 1276 1570 vigilias.
1337 1523 1467 1570 Quam
1488 1533 1513 1561 2

142 1584 195 1622 ob
233 1598 314 1623 rem
349 1585 538 1635 quicquid
578 1586 700 1623 habes
739 1586 789 1622 ad
824 1586 1110 1623 consolandum
1145 1586 1299 1636 conlige
1333 1594 1371 1624 et
1404 1586 1469 1624 illa

83 1662 124 1685 20
143 1649 268 1688 scribe
300 1663 380 1688 non
412 1665 459 1689 ex
491 1650 670 1689 doctrina
704 1663 832 1699 neque
867 1664 913 1688 ex
946 1649 1052 1687 libris
1087 1649 1195 1700 (nam
1231 1651 1271 1689 id
1306 1651 1466 1701 quidem

141 1714 251 1752 domi
284 1723 352 1762 est,
387 1717 457 1754 sed
491 1715 625 1754 nescio
656 1729 736 1765 quo
769 1716 889 1753 modo
920 1714 1152 1753 imbecillior
1182 1724 1239 1754 est
1271 1716 1468 1754 medicina

141 1792 260 1828 quam
281 1780 469 1831 morbus),
493 1781 589 1818 haec
610 1779 740 1830 potius
761 1779 949 1829 conquire
973 1780 1023 1817 de
1049 1779 1264 1830 Hispaniis,
1287 1782 1337 1819 de
1363 1783 1466 1819 Mas-

141 1843 247 1890 silia3
277 1858 377 1894 quae
398 1845 559 1894 quidem
581 1845 672 1883 satis
694 1845 796 1883 bella
823 1844 976 1883 Servius
1001 1846 1149 1891 adfert;
1180 1845 1245 1895 qui
1271 1846 1388 1884 etiam
1416 1848 1465 1884 de

140 1909 294 1947 duabus
315 1909 533 1959 legionibus
561 1911 781 1948 luculentos
804 1917 983 1948 auctores
1011 1923 1096 1948 esse
1123 1910 1291 1948 dicebat.
1352 1913 1465 1949 Haec

83 1982 121 2017 25
141 1972 255 2022 igitur
281 1974 312 2012 si
335 1975 500 2013 habebis
521 1983 559 2013 et
580 1974 680 2012 talia.
741 1976 791 2012 Et
812 1974 972 2024 quidem
994 1974 1129 2024 paucis
1150 1974 1289 2013 diebus
1316 1976 1465 2025 aliquid

139 2038 264 2076 audiri
285 2053 444 2078 necesse
465 2048 532 2077 est.

193 2104 272 2141 Sed
301 2105 419 2142 redeo
448 2105 498 2142 ad
529 2103 715 2142 Servium.
776 2103 1009 2141 Distulimus
1041 2104 1205 2142 omnino
1239 2117 1458 2144 sermonem
1482 2118 1505 2154 3

184 2217 198 2237 1
226 2207 375 2237 Curione
395 2207 532 2238 Gurlt'tl:
559 2208 665 2238 Curto
684 2207 742 2238 M:
769 2207 888 2237 Curtio
910 2206 985 2238 Vict.
1127 2218 1147 2237 2
1171 2207 1309 2238 ἔκπλουν
1327 2209 1462 2241 Baiter:

138 2251 250 2281 exitus
274 2250 417 2289 ἐξουσίαν
444 2251 582 2288 Tyrrell:
621 2249 814 2288 ἐπίσταθμον
837 2250 919 2280 Ellis
1052 2261 1069 2290 7
1095 2252 1260 2290 postridie
1281 2252 1328 2282 C:
1354 2255 1461 2292 pridie

138 2294 177 2324 M
265 2305 364 2324 mane
385 2293 431 2323 W
442 2295 576 2324 Lmnb.:
602 2305 668 2325 om.
689 2293 814 2325 Ccodd.
999 2303 1035 2331 13
1059 2305 1145 2332 quae
1163 2295 1233 2324 erui
1255 2294 1459 2327 Gronovius:

136 2348 202 2375 qua
220 2338 283 2367 frui
303 2337 343 2367 M
519 2340 557 2368 18
582 2343 632 2368 est
653 2338 712 2368 sed
729 2362 735 2368 .
753 2361 760 2368 .
777 2361 784 2368 .
800 2337 865 2371 est]
885 2341 918 2366 et
935 2347 998 2375 per
1013 2348 1050 2367 se
1068 2338 1184 2367 odiosa
1207 2343 1257 2368 est
1275 2344 1307 2369 et
1326 2339 1465 2379 Madwg

137 2391 178 2453 <119
203 2381 444 2453 coanqsolandum
466 2380 513 2412 C:
541 2381 792 2418 c0n††landum
814 2379 874 2411 W:
907 2381 1150 2411 consulandum
1167 2380 1250 2412 EO:
1280 2383 1462 2413 consulen-

160 2435 214 2455 um
232 2441 243 2453 A.
