1827 2798
597 154 707 191 EPP.
739 154 817 190 AD
847 152 1107 192 ATTICVM
1392 150 1511 188 XIII.
1530 149 1591 186 xii

188 264 334 312 scribis,
358 264 432 303 scis
462 278 525 303 me
558 272 674 302 antea
707 263 903 303 orationes
931 271 998 302 aut
1027 263 1176 313 aliquid
1206 262 1246 301 id
1275 274 1398 312 genus
1428 261 1514 300 soli-

187 337 269 367 tum
319 330 486 368 scribere
533 336 575 367 ut
617 331 835 367 Varronem
882 342 1078 378 nusquam
1125 341 1282 379 possem
1329 327 1511 366 intexere.

187 396 329 432 Postea
362 402 493 432 autem
529 408 647 444 quarn
679 395 776 432 haec
810 393 923 444 coepi
955 395 1248 446 φιλολογώτερα,
1282 392 1359 431 iam
1390 394 1514 430 Varro

187 458 283 496 mihi
314 459 611 498 denuntiaverat
638 472 821 508 magnam
853 472 946 497 sane
976 466 1013 496 et
1044 472 1200 508 gravem
1231 459 1512 508 προσφώνησιν.

148 535 166 566 5
189 523 399 562 Biennium
431 523 626 577 praeteriit
664 536 755 561 cum
794 523 858 561 ille
899 524 1165 572 Καλλιππίδης
1198 523 1366 562 adsiduo
1400 536 1514 561 cursu

186 588 363 627 cubitum
394 590 545 626 nullum
575 587 817 638 processerit,
840 601 913 637 ego
939 595 1069 626 autern
1100 602 1162 626 me
1187 588 1373 638 parabam
1397 589 1447 626 ad
1475 587 1514 626 id

186 654 296 702 quod
334 653 397 691 ille
435 652 531 690 mihi
570 652 738 690 misisset
769 660 811 690 ut
848 655 971 703 ἀὐτῷ
1001 656 1051 705 τῷ
1080 654 1199 705 μέτρῳ
1231 654 1291 691 καὶ
1320 654 1454 699 λώϊον,’
1484 652 1515 690 Si

187 719 308 756 modo
338 718 553 768 potuissem
572 732 582 766 3
611 732 703 756 nam
724 719 800 756 hoc
821 718 939 757 etiam
966 719 1169 758 Hesiodus
1199 719 1368 767 ascribit,
1394 720 1457 757 ἀἵ
1475 736 1515 757 κε

187 782 337 832 δύνηαι.’

129 861 168 883 10
241 849 360 885 Nunc
381 847 486 886 illam
506 848 588 898 περὶ
607 850 724 887 τελῶν
742 849 915 895 σύνταξιν
935 862 1028 887 sane
1044 848 1140 887 mihi
1156 849 1360 899 probatam
1378 851 1510 895 Bruto,

186 919 229 949 ut
258 911 329 949 tibi
358 912 515 962 placuit,
538 912 834 963 despondimus‚
858 913 978 963 idque
1005 919 1046 951 tn
1074 927 1165 952 eum
1190 927 1271 952 non
1293 915 1397 952 nolle
1418 913 1514 951 mihi

187 975 383 1026 scripsisti.
444 979 548 1026 Ergo
580 977 685 1015 illam
706 976 966 1027 Ἀκαδημικήν,
990 977 1030 1015 in
1052 991 1130 1027 qua
1151 977 1332 1016 homines
1360 977 1513 1016 nobiles

188 1040 241 1078 illi
262 1041 423 1091 quidem
444 1043 514 1080 sed
535 1044 644 1080 nullo
668 1043 790 1081 modo
811 1041 1000 1092 philologi
1021 1041 1137 1080 nimis
1153 1049 1267 1080 acute
1287 1044 1511 1091 loquuntur,

186 1106 238 1143 ad
266 1107 484 1144 Varronem
514 1107 802 1144 transferamus.
862 1106 1021 1144 Etenim
1051 1113 1142 1144 sunt
1171 1105 1384 1144 Antiochia
1413 1119 1514 1155 quae

130 1183 165 1215 15
187 1169 258 1208 iste
278 1171 392 1208 valde
420 1171 571 1219 probat.
632 1171 776 1210 Catulo
805 1178 843 1209 et
874 1172 1042 1209 Lucullo
1068 1170 1161 1208 alibi
1190 1183 1438 1220 reponemus,
1461 1170 1515 1209 ita

187 1242 318 1272 tamen
340 1234 371 1272 si
391 1241 433 1272 tu
454 1236 530 1272 hoc
551 1235 694 1284 probas
709 1249 719 1282 3
748 1236 878 1285 deque
899 1248 946 1274 eo
968 1234 1064 1273 mihi
1084 1234 1272 1273 rescribas
1292 1234 1421 1273 velim.

241 1301 303 1338 De
338 1299 551 1337 Brinniana
584 1299 768 1338 auctione
801 1299 937 1350 accepi
966 1313 990 1338 a
1018 1299 1201 1338 Vestorio
1230 1299 1386 1338 litteras.
1446 1300 1512 1339 Ait
1531 1306 1557 1343 4

186 1364 269 1402 sine
295 1366 374 1402 ulla
400 1364 664 1403 controversia
692 1378 774 1403 rem
803 1366 854 1404 ad
884 1379 947 1404 me
976 1379 1061 1404 esse
1090 1366 1298 1403 conlatam.
1359 1367 1513 1404 Romae

185 1428 367 1467 videlicet
400 1437 466 1467 aut
498 1429 538 1467 in
569 1431 797 1469 Tusculano
828 1444 892 1468 me
921 1431 1004 1469 fore
1034 1437 1269 1480 putaverunt
1302 1443 1334 1468 a.
1367 1430 1404 1468 d.
1437 1442 1511 1468 vm

129 1508 167 1529 20
188 1495 274 1531 Kal.
299 1493 435 1542 Quint.
496 1494 614 1533 Dices
635 1493 750 1544 igitur
768 1496 829 1533 vel
853 1494 982 1533 amico
1009 1502 1078 1533 tuo
1108 1496 1144 1533 S.
1167 1493 1302 1532 Vettio
1327 1493 1512 1533 coheredi

185 1571 274 1596 meo
301 1560 362 1596 vel
392 1558 570 1597 Labeoni
591 1567 725 1598 nostro
752 1561 913 1609 paulum
943 1561 1141 1609 proferant
1169 1559 1420 1607 auctionem3
1450 1572 1512 1597 me

184 1622 335 1662 circiter
373 1624 510 1662 Nonas
544 1623 584 1661 in
619 1625 846 1662 Tusculano
880 1625 972 1663 fore.
1033 1625 1136 1664 Cum
1171 1623 1315 1663 Pisone
1351 1625 1512 1662 Erotem

184 1688 317 1726 habes.
378 1689 440 1727 De
461 1688 690 1739 Scapulanis
710 1688 832 1728 hortis
852 1696 937 1728 toto
956 1696 1116 1739 pectore
1136 1688 1364 1739 cogitemus.
1416 1688 1512 1727 Dies

184 1753 305 1791 adest.

128 1864 142 1884 2
149 1865 164 1894 5
228 1852 355 1896 XIII,
373 1853 482 1888 XIV
527 1856 596 1888 Ser.
618 1857 651 1888 in
667 1857 830 1897 Arpinati
841 1858 877 1888 vi
888 1857 932 1888 K.
953 1857 1068 1897 Quint.
1087 1868 1117 1889 a.
1138 1867 1197 1898 709
1217 1857 1298 1899 (45).

590 1935 759 1966 CICERO
788 1936 820 1966 A
833 1935 970 1967 TTICO
999 1935 1105 1966 SAL.

240 2012 475 2050 Commotus
509 2011 584 2049 tuis
616 2011 762 2058 litteris,
792 2013 901 2061 quod
940 2013 991 2050 ad
1031 2024 1094 2049 me
1132 2012 1183 2050 de
1214 2013 1391 2049 Varrone
1423 2011 1511 2049 scri·
1530 2022 1546 2048 1

185 2087 327 2124 pseras,
346 2083 468 2114 totam
484 2076 741 2114 Academiam
762 2077 812 2114 ab
833 2076 1060 2114 hominibus
1081 2075 1333 2113 nobilissimis
1354 2075 1508 2123 abstuli,

185 2139 363 2177 transtuli
383 2141 434 2179 ad
454 2147 631 2178 nostrum
652 2141 828 2178 sodalem
850 2148 887 2178 et
908 2154 954 2179 ex
983 2141 1141 2179 duobus
1168 2139 1274 2178 libris
1301 2140 1450 2178 contuli
1470 2140 1510 2178 in

126 2219 167 2249 30
186 2212 378 2254 quattuor.
449 2204 686 2243 Grandiores
725 2212 815 2242 sunt
853 2205 1017 2244 omnino
1056 2219 1174 2255 quam
1213 2213 1322 2244 erant
1353 2205 1406 2244 illi
1440 2208 1510 2245 sed

227 2309 248 2338 6
272 2313 483 2348 processerat
501 2308 623 2338 Miiller
712 2318 746 2339 11
773 2313 808 2339 tu
823 2319 850 2340 v.
866 2320 888 2340 c.
906 2309 934 2339 L
951 2309 1092 2351 (marg.)
1110 2310 1227 2341 codices
1242 2311 1345 2342 Bosz':
1371 2322 1436 2342 om.
1456 2314 1509 2342 ΣΔ

188 2361 224 2390 14
249 2352 429 2391 Ἀντιόχεια
445 2351 564 2382 Lamb.
685 2361 723 2391 15
748 2352 903 2382 Catulum
920 2358 953 2383 et
972 2354 1145 2384 Lucullum
1166 2355 1353 2390 Gronovius,
1468 2365 1510 2385 20

185 2395 302 2434 Quint.
336 2396 404 2426 secl.
439 2395 561 2426 Scln'itz
707 2405 749 2425 22
782 2396 832 2426 Tu
857 2407 930 2426 cum
965 2396 1088 2427 Pisone
1106 2409 1112 2428 ε
1152 2397 1290 2429 Erotem
1327 2397 1511 2439 Weseubmg

186 2439 251 2469 coll.
276 2440 388 2478 16fin.
523 2449 565 2478 29
589 2439 813 2478 transtulique
831 2439 919 2470 Crat.
936 2439 1056 2471 Lanzb.
