1827 2798
593 168 704 206 EPP.
737 170 814 206 AD
845 170 1103 209 ATTICVM
1377 172 1496 208 XIII.
1521 172 1661 208 xxxiv

181 275 258 312 Sed
286 277 484 326 complere
513 277 695 328 paginam
716 279 832 318 volui.
893 280 1001 329 Quid
1029 282 1168 330 plura?
1203 280 1284 330 ipse
1312 280 1416 319 enim
1441 283 1507 320 ad-

180 352 278 386 sum,
301 340 375 378 nisi
397 341 492 391 quid
513 350 555 381 tu
575 356 770 393 prorogas
831 345 975 394 Scripsi
995 345 1100 383 enim
1121 347 1172 384 ad
1194 354 1231 384 te
1251 347 1301 397 de
1322 346 1454 385 hortis.

221 483 404 529 XXXV,
431 486 629 522 XXXVI
676 491 745 522 Scr.
767 492 800 522 in
822 491 1008 523 Tusculano
1025 493 1123 524 iiild.
1145 494 1256 533 Quint.
1277 505 1307 526 a.
1330 505 1388 535 709
1409 496 1489 537 (45).

583 577 753 610 CICERO
782 579 965 610 ATTICO
996 580 1101 611 SAL.

231 665 268 703 O
289 678 370 704 rem
391 664 593 716 indignam
611 670 617 705 1
676 667 842 706 Gentilis
871 676 960 707 tuus
985 670 1122 707 urbem
1144 678 1258 720 auget
1289 684 1407 720 quam
1428 673 1504 710 hoc
1523 681 1541 710 1

176 728 338 767 biennio
377 730 546 780 primum
579 731 674 770 vidit
713 741 750 770 et
789 733 824 771 ei
856 747 992 783 parum
1028 748 1168 783 magna
1199 735 1280 773 visa
1314 744 1371 774 est
1403 750 1504 786 quae

175 793 292 832 etiam
328 793 457 844 ipsum
491 808 631 845 capere
662 797 841 846 potuerit.
902 800 992 836 Hac
1023 799 1072 836 de
1103 812 1141 837 re
1176 799 1290 849 igitur
1319 808 1503 850 exspecto

175 858 319 896 litteras
355 866 451 896 tuas.
512 860 678 897 Varroni
712 861 847 899 scribis
880 869 928 908 te,
962 862 1077 900 simul
1111 877 1156 901 ac
1191 864 1348 902 venerit.
1411 864 1546 902 Dati2

174 922 289 972 igitur
318 922 395 960 iam
426 932 516 961 sunt
546 938 618 963 nec
649 925 719 964 tibi
749 925 942 975 integrum
973 935 1041 975 est,
1065 928 1144 975 hui,
1167 928 1198 966 si
1226 929 1324 967 scias
1354 938 1502 979 quanto

118 1004 156 1027 ιο
175 986 348 1037 periculo
380 992 472 1026 tuo!
543 991 623 1027 Aut
654 991 815 1028 fortasse
845 991 994 1029 litterae
1028 1006 1139 1031 meae
1169 1001 1206 1032 te
1237 995 1502 1042 retardarunt5

174 1054 244 1090 sed
266 1065 330 1090 eas
352 1055 530 1092 nondum
553 1056 698 1105 legeras
727 1070 817 1094 cum
845 1058 915 1094 has
935 1057 1130 1107 proximas
1152 1058 1347 1107 scripsisti.
1395 1058 1501 1098 Scire

174 1117 288 1167 igitur
307 1133 404 1157 aveo
426 1134 504 1169 quo
526 1123 647 1159 modo
668 1136 725 1159 res
747 1136 787 1160 se
808 1123 961 1160 habeat.

230 1186 291 1221 De
327 1185 436 1222 Bruti
469 1199 601 1225 amore
636 1195 841 1237 vestraque
871 1187 1140 1226 ambulatione
1171 1188 1242 1226 etsi
1275 1188 1370 1225 mihi
1401 1188 1497 1226 nihil
1518 1195 1656 1236 (xxxvr)

172 1249 264 1286 novi
285 1251 412 1288 adfers
433 1252 503 1289 sed
524 1251 630 1290 idem
651 1253 760 1301 quod
781 1266 908 1302 saepe,
924 1260 1055 1290 tamen
1078 1254 1153 1291 hoc
1173 1252 1292 1291 audio
1314 1253 1498 1291 libentius

114 1327 150 1361 15
173 1328 252 1364 quo
280 1315 447 1365 saepius,
469 1330 596 1366 eoque
626 1317 722 1354 mihi
750 1317 959 1355 iucundius
986 1324 1043 1355 est
1074 1318 1183 1367 quod
1207 1325 1248 1355 tu
1273 1331 1320 1356 eo
1348 1318 1500 1357 laetaris

171 1379 393 1429 certiusque
423 1394 470 1419 eo
500 1389 557 1419 est
587 1383 695 1431 quod
724 1395 747 1419 a
776 1390 814 1420 te
844 1381 994 1420 dicitur.

212 1527 435 1562 XXXVII
482 1530 549 1562 Ser.
569 1531 603 1562 in
625 1530 811 1562 Tusculano
828 1530 858 1561 iv
874 1530 959 1562 Non.
978 1530 1065 1562 Sext.
1086 1541 1117 1562 a.
1139 1541 1197 1571 709
1217 1530 1296 1572 (45).

575 1619 746 1651 CICERO
775 1618 956 1649 ATTICO
985 1618 1091 1651 SAL.

223 1710 310 1747 Has
341 1711 480 1747 alteras
512 1709 632 1748 hodie
664 1709 820 1746 litteras.
882 1709 944 1745 De
979 1706 1157 1745 Xenonis
1189 1707 1350 1746 nomine
1379 1715 1417 1746 et
1446 1709 1496 1748 de
1516 1722 1534 1750 1

112 1787 149 1808 20
170 1773 377 1823 Epiroticis
399 1786 519 1812 xxxx
541 1774 638 1812 nihil
659 1781 788 1823 potest
808 1771 890 1810 fieri
911 1785 984 1810 nec
1005 1771 1254 1810 commodius
1275 1786 1348 1811 nec
1367 1772 1496 1823 aptius

168 1852 286 1888 quarn
322 1848 363 1877 ut
399 1839 545 1878 scribis.
606 1841 654 1877 Id
689 1847 768 1877 erat
808 1840 962 1877 locutus
1002 1850 1157 1875 mecum
1197 1839 1339 1876 eodem
1374 1841 1496 1877 modo

168 1905 315 1943 Balbus
345 1905 483 1944 minor,
543 1905 652 1943 Nihil
682 1904 774 1942 novi
795 1918 888 1942 sane
918 1903 992 1941 nisi
1021 1902 1196 1940 Hirtium
1224 1917 1314 1941 curn
1343 1904 1494 1952 Quinto
1513 1914 1539 1942 2

166 1969 352 2008 acerrime
396 1983 467 2019 pro
513 1983 576 2008 me
620 1969 814 2019 litigasse;
861 1968 1045 2007 omnibus
1091 1981 1182 2007 eum
1227 1968 1322 2006 locis
1369 1970 1495 2007 furere

167 2034 414 2084 maximeque
444 2034 483 2072 in
514 2034 701 2073 conviviis
732 2048 822 2072 cum
854 2035 977 2071 multa
1005 2034 1056 2072 de
1086 2046 1149 2070 me
1178 2040 1262 2070 tum
1292 2033 1417 2071 redire
1443 2035 1495 2072 ad

110 2109 145 2139 25
167 2107 341 2147 patrem3
389 2099 485 2136 nihil
523 2107 653 2137 autem
693 2100 743 2137 ab
782 2113 829 2137 eo
869 2104 948 2135 tam
994 2099 1217 2144 ἀξιοπίστως
1254 2097 1332 2136 dici
1375 2111 1494 2147 quam

165 2162 425 2201 alienissimos
459 2176 531 2201 nos
565 2177 649 2201 esse
681 2177 703 2201 a
737 2164 929 2209 Caesare3
969 2163 1089 2200 fidem
1123 2161 1238 2200 nobis
1268 2162 1494 2201 habendam

166 2239 246 2264 non
279 2241 374 2274 esse,
411 2241 473 2265 me
507 2241 599 2266 vero
632 2227 750 2266 etiam
789 2227 1010 2265 cavendum
1047 2226 1231 2277 (φοβερὸν
1264 2226 1308 2266 ἂν
1337 2227 1383 2277 ἦν
1418 2226 1494 2266 nisi

208 2341 230 2368 9
254 2330 421 2369 integrum
446 2333 521 2362 est?
556 2330 708 2362 Schmidt
808 2340 843 2360 11
870 2331 930 2361 sed
948 2330 1042 2362 Man.
1063 2342 1070 2361 ε
1094 2330 1122 2361 si
1147 2326 1265 2363 MZb:
1289 2332 1353 2362 nisi
1372 2331 1496 2362 Mz'iller

166 2374 231 2404 coll.
252 2375 334 2404 inter
347 2375 429 2404 alios
443 2374 525 2405 locos
544 2385 559 2413 7
569 2375 632 2413 fin.
651 2386 657 2404 :
683 2374 811 2404 scilicet
825 2373 974 2404 Srlzn'tidt
1089 2384 1130 2413 23
1155 2374 1267 2405 furere
1280 2375 1470 2415 Malaspina
1485 2387 1493 2407 :

166 2417 276 2447 facere
305 2417 391 2448 codd.
557 2428 598 2457 25
633 2423 698 2448 tarn
722 2417 797 2448 add.
828 2421 896 2447 vett.
1054 2427 1094 2457 27
1127 2418 1268 2460 φοβερὸν
1295 2416 1334 2449 ἂν
1358 2419 1493 2450 Baiter:

165 2463 355 2491 ΦΟΒΕΡΑΝ
373 2460 416 2491 M
