<?xml version="1.0" encoding="UTF-8"?>
<!DOCTYPE html PUBLIC "-//W3C//DTD XHTML 1.0 Transitional//EN"
    "http://www.w3.org/TR/xhtml1/DTD/xhtml1-transitional.dtd">
<html xmlns="http://www.w3.org/1999/xhtml" xml:lang="en" lang="en">
 <head>
  <title>
</title>
<meta http-equiv="Content-Type" content="text/html;charset=utf-8" />
  <meta name='ocr-system' content='tesseract 3.04.00' />
  <meta name='ocr-capabilities' content='ocr_page ocr_carea ocr_par ocr_line ocrx_word'/>
</head>
<body>
  <div class='ocr_page' id='page_1' title='image "./epistulaerecogno0202ciceuoft_0264.png"; bbox 0 0 1827 2798; ppageno 0'>
   <div class='ocr_carea' id='block_1_1' title="bbox 203 117 1298 157">
    <p class='ocr_par' dir='ltr' id='par_1_1' title="bbox 203 117 1298 157">
     <span class='ocr_line' id='line_1_1' title="bbox 203 117 1298 157; baseline -0.001 -1"><span class='ocrx_word' id='word_1_1' title='bbox 203 120 291 157; x_wconf 88' lang='lat' dir='ltr'><strong>XV.</strong></span> <span class='ocrx_word' id='word_1_2' title='bbox 309 130 372 156; x_wconf 85' lang='lat' dir='ltr'><strong>xx</strong></span> <span class='ocrx_word' id='word_1_3' title='bbox 704 120 760 156; x_wconf 91' lang='lat' dir='ltr'><strong>M.</strong></span> <span class='ocrx_word' id='word_1_4' title='bbox 791 117 962 155; x_wconf 93' lang='lat' dir='ltr'>TVLLI</span> <span class='ocrx_word' id='word_1_5' title='bbox 992 117 1298 156; x_wconf 89' lang='lat' dir='ltr'>CICERONIS</span> 
     </span>
    </p>
   </div>
   <div class='ocr_carea' id='block_1_2' title="bbox 325 227 1698 657">
    <p class='ocr_par' dir='ltr' id='par_1_2' title="bbox 325 227 1698 657">
     <span class='ocr_line' id='line_1_2' title="bbox 328 227 1661 279; baseline -0.003 -10"><span class='ocrx_word' id='word_1_6' title='bbox 328 232 398 269; x_wconf 87' lang='lat' dir='ltr'><strong>sed</strong></span> <span class='ocrx_word' id='word_1_7' title='bbox 428 229 462 268; x_wconf 89' lang='lat' dir='ltr'><strong>ei</strong></span> <span class='ocrx_word' id='word_1_8' title='bbox 493 244 539 267; x_wconf 85' lang='lat' dir='ltr'><strong>ex</strong></span> <span class='ocrx_word' id='word_1_9' title='bbox 569 228 738 279; x_wconf 89' lang='lat' dir='ltr'><strong>praediis</strong></span> <span class='ocrx_word' id='word_1_10' title='bbox 768 235 810 266; x_wconf 92' lang='lat' dir='ltr'><strong>ut</strong></span> <span class='ocrx_word' id='word_1_11' title='bbox 839 229 954 266; x_wconf 86' lang='lat' dir='ltr'><strong>cadet</strong></span> <span class='ocrx_word' id='word_1_12' title='bbox 983 227 1037 265; x_wconf 81' lang='lat' dir='ltr'><strong>ita</strong></span> <span class='ocrx_word' id='word_1_13' title='bbox 1065 229 1248 275; x_wconf 82' lang='lat' dir='ltr'><strong>solvetur,</strong></span> <span class='ocrx_word' id='word_1_14' title='bbox 1275 227 1371 265; x_wconf 90' lang='lat' dir='ltr'><strong>mihi</strong></span> <span class='ocrx_word' id='word_1_15' title='bbox 1400 235 1531 266; x_wconf 87' lang='lat' dir='ltr'><strong>autem</strong></span> <span class='ocrx_word' id='word_1_16' title='bbox 1561 241 1661 278; x_wconf 84' lang='lat' dir='ltr'><strong>opus</strong></span> 
     </span>
     <span class='ocr_line' id='line_1_3' title="bbox 328 292 1660 343; baseline -0.002 -11"><span class='ocrx_word' id='word_1_17' title='bbox 328 303 385 333; x_wconf 90' lang='lat' dir='ltr'><strong>est</strong></span> <span class='ocrx_word' id='word_1_18' title='bbox 416 294 608 332; x_wconf 85' lang='lat' dir='ltr'><strong>universo.</strong></span> <span class='ocrx_word' id='word_1_19' title='bbox 669 293 868 342; x_wconf 80' lang='lat' dir='ltr'>Equidem</span> <span class='ocrx_word' id='word_1_20' title='bbox 897 292 969 331; x_wconf 88' lang='lat' dir='ltr'><strong>etsi</strong></span> <span class='ocrx_word' id='word_1_21' title='bbox 999 292 1095 330; x_wconf 87' lang='lat' dir='ltr'><strong>mihi</strong></span> <span class='ocrx_word' id='word_1_22' title='bbox 1124 293 1277 332; x_wconf 91' lang='lat' dir='ltr'><strong>videtur</strong></span> <span class='ocrx_word' id='word_1_23' title='bbox 1306 293 1376 331; x_wconf 83' lang='lat' dir='ltr'><strong>iste</strong></span> <span class='ocrx_word' id='word_1_24' title='bbox 1407 293 1473 343; x_wconf 85' lang='lat' dir='ltr'><strong>qui</strong></span> <span class='ocrx_word' id='word_1_25' title='bbox 1502 294 1660 331; x_wconf 88' lang='lat' dir='ltr'><strong>umbras</strong></span> 
     </span>
     <span class='ocr_line' id='line_1_4' title="bbox 327 358 1659 408; baseline -0.002 -11"><span class='ocrx_word' id='word_1_26' title='bbox 327 360 438 397; x_wconf 89' lang='lat' dir='ltr'><strong>timet</strong></span> <span class='ocrx_word' id='word_1_27' title='bbox 471 360 523 397; x_wconf 88' lang='lat' dir='ltr'><strong>ad</strong></span> <span class='ocrx_word' id='word_1_28' title='bbox 557 360 721 397; x_wconf 86' lang='lat' dir='ltr'><strong>caedem</strong></span> <span class='ocrx_word' id='word_1_29' title='bbox 760 366 946 408; x_wconf 87' lang='lat' dir='ltr'><strong>spectare,</strong></span> <span class='ocrx_word' id='word_1_30' title='bbox 978 366 1111 397; x_wconf 87' lang='lat' dir='ltr'><strong>tamen</strong></span> <span class='ocrx_word' id='word_1_31' title='bbox 1140 358 1214 396; x_wconf 88' lang='lat' dir='ltr'><strong>nisi</strong></span> <span class='ocrx_word' id='word_1_32' title='bbox 1244 358 1434 408; x_wconf 86' lang='lat' dir='ltr'><strong>explicata</strong></span> <span class='ocrx_word' id='word_1_33' title='bbox 1463 358 1659 397; x_wconf 88' lang='lat' dir='ltr'><strong>solutione</strong></span> 
     </span>
     <span class='ocr_line' id='line_1_5' title="bbox 327 423 1661 474; baseline -0.001 -12"><span class='ocrx_word' id='word_1_34' title='bbox 327 438 408 462; x_wconf 89' lang='lat' dir='ltr'><strong>non</strong></span> <span class='ocrx_word' id='word_1_35' title='bbox 436 438 522 462; x_wconf 89' lang='lat' dir='ltr'><strong>sum</strong></span> <span class='ocrx_word' id='word_1_36' title='bbox 545 424 797 462; x_wconf 77' lang='lat' dir='ltr'><strong>discessurus.</strong></span> <span class='ocrx_word' id='word_1_37' title='bbox 858 423 967 462; x_wconf 80' lang='lat' dir='ltr'>Sitne</span> <span class='ocrx_word' id='word_1_38' title='bbox 996 432 1128 461; x_wconf 88' lang='lat' dir='ltr'><strong>autem</strong></span> <span class='ocrx_word' id='word_1_39' title='bbox 1158 423 1349 474; x_wconf 79' lang='lat' dir='ltr'><strong>explicata</strong></span> <span class='ocrx_word' id='word_1_40' title='bbox 1375 437 1500 461; x_wconf 89' lang='lat' dir='ltr'><strong>necne</strong></span> <span class='ocrx_word' id='word_1_41' title='bbox 1529 431 1661 461; x_wconf 90' lang='lat' dir='ltr'><strong>tecum</strong></span> 
     </span>
     <span class='ocr_line' id='line_1_6' title="bbox 327 487 1698 539; baseline -0.001 -12"><span class='ocrx_word' id='word_1_42' title='bbox 327 503 575 539; x_wconf 77' lang='lat' dir='ltr'>cognoscam.</span> <span class='ocrx_word' id='word_1_43' title='bbox 638 491 758 527; x_wconf 90' lang='lat' dir='ltr'><strong>Hanc</strong></span> <span class='ocrx_word' id='word_1_44' title='bbox 792 487 926 538; x_wconf 86' lang='lat' dir='ltr'><strong>putavi</strong></span> <span class='ocrx_word' id='word_1_45' title='bbox 960 502 1048 526; x_wconf 88' lang='lat' dir='ltr'><strong>mea</strong></span> <span class='ocrx_word' id='word_1_46' title='bbox 1081 502 1201 526; x_wconf 90' lang='lat' dir='ltr'><strong>manu</strong></span> <span class='ocrx_word' id='word_1_47' title='bbox 1235 488 1495 535; x_wconf 77' lang='lat' dir='ltr'><strong>scribendam,</strong></span> <span class='ocrx_word' id='word_1_48' title='bbox 1530 488 1661 538; x_wconf 86' lang='lat' dir='ltr'><strong>itaque</strong></span> <span class='ocrx_word' id='word_1_49' title='bbox 1682 504 1698 535; x_wconf 82' lang='lat'>5</span> 
     </span>
     <span class='ocr_line' id='line_1_7' title="bbox 326 552 1660 604; baseline 0 -13"><span class='ocrx_word' id='word_1_50' title='bbox 326 554 410 591; x_wconf 84' lang='lat' dir='ltr'><strong>feci.</strong></span> <span class='ocrx_word' id='word_1_51' title='bbox 473 556 534 592; x_wconf 91' lang='lat' dir='ltr'><strong>De</strong></span> <span class='ocrx_word' id='word_1_52' title='bbox 560 554 699 602; x_wconf 82' lang='lat' dir='ltr'><strong>Fadio,</strong></span> <span class='ocrx_word' id='word_1_53' title='bbox 725 561 768 591; x_wconf 87' lang='lat' dir='ltr'><strong>ut</strong></span> <span class='ocrx_word' id='word_1_54' title='bbox 796 552 944 601; x_wconf 86' lang='lat' dir='ltr'><strong>scribis,</strong></span> <span class='ocrx_word' id='word_1_55' title='bbox 974 553 1110 604; x_wconf 85' lang='lat' dir='ltr'><strong>utique</strong></span> <span class='ocrx_word' id='word_1_56' title='bbox 1138 553 1203 592; x_wconf 88' lang='lat' dir='ltr'><strong>alii</strong></span> <span class='ocrx_word' id='word_1_57' title='bbox 1232 553 1390 592; x_wconf 83' lang='lat' dir='ltr'><strong>nemini.</strong></span> <span class='ocrx_word' id='word_1_58' title='bbox 1451 552 1660 592; x_wconf 83' lang='lat' dir='ltr'><strong>Rescribas</strong></span> 
     </span>
     <span class='ocr_line' id='line_1_8' title="bbox 325 618 594 657; baseline 0.004 -1"><span class='ocrx_word' id='word_1_59' title='bbox 325 618 443 657; x_wconf 91' lang='lat' dir='ltr'><strong>velim</strong></span> <span class='ocrx_word' id='word_1_60' title='bbox 464 619 594 657; x_wconf 89' lang='lat' dir='ltr'><strong>hodie.</strong></span> 
     </span>
    </p>
   </div>
   <div class='ocr_carea' id='block_1_3' title="bbox 370 767 1419 891">
    <p class='ocr_par' dir='ltr' id='par_1_3' title="bbox 370 767 1419 891">
     <span class='ocr_line' id='line_1_9' title="bbox 370 767 1419 812; baseline 0.001 -11"><span class='ocrx_word' id='word_1_61' title='bbox 370 767 481 801; x_wconf 91' lang='lat' dir='ltr'><strong>XXI</strong></span> <span class='ocrx_word' id='word_1_62' title='bbox 613 769 685 801; x_wconf 66' lang='grc' dir='ltr'><strong>διν.</strong></span> <span class='ocrx_word' id='word_1_63' title='bbox 703 770 737 800; x_wconf 80' lang='lat' dir='ltr'><strong>in</strong></span> <span class='ocrx_word' id='word_1_64' title='bbox 759 768 949 801; x_wconf 79' lang='lat' dir='ltr'><strong>Tusculano</strong></span> <span class='ocrx_word' id='word_1_65' title='bbox 965 781 989 801; x_wconf 85' lang='lat' dir='ltr'><em>x</em></span> <span class='ocrx_word' id='word_1_66' title='bbox 1003 769 1046 802; x_wconf 88' lang='lat' dir='ltr'><strong>K.</strong></span> <span class='ocrx_word' id='word_1_67' title='bbox 1068 770 1181 811; x_wconf 78' lang='lat' dir='ltr'><strong>Quint.</strong></span> <span class='ocrx_word' id='word_1_68' title='bbox 1201 781 1232 802; x_wconf 89' lang='grc' dir='ltr'><strong>α.</strong></span> <span class='ocrx_word' id='word_1_69' title='bbox 1254 781 1310 811; x_wconf 83' lang='grc'><strong>710</strong></span> <span class='ocrx_word' id='word_1_70' title='bbox 1330 770 1419 812; x_wconf 78' lang='lat'><strong>(44).</strong></span> 
     </span>
     <span class='ocr_line' id='line_1_10' title="bbox 735 859 1251 891; baseline 0.002 -1"><span class='ocrx_word' id='word_1_71' title='bbox 735 859 907 891; x_wconf 86' lang='lat' dir='ltr'><em>CICERO</em></span> <span class='ocrx_word' id='word_1_72' title='bbox 935 859 1117 891; x_wconf 88' lang='lat' dir='ltr'><em>ATTICO</em></span> <span class='ocrx_word' id='word_1_73' title='bbox 1146 859 1251 891; x_wconf 84' lang='lat' dir='ltr'><strong>SAL.</strong></span> 
     </span>
    </p>
   </div>
   <div class='ocr_carea' id='block_1_4' title="bbox 282 947 1721 2045">
    <p class='ocr_par' dir='ltr' id='par_1_4' title="bbox 292 947 1721 1572">
     <span class='ocr_line' id='line_1_11' title="bbox 292 947 1721 999; baseline -0.001 -11"><span class='ocrx_word' id='word_1_74' title='bbox 292 962 309 988; x_wconf 94' lang='lat'>1</span> <span class='ocrx_word' id='word_1_75' title='bbox 382 950 509 987; x_wconf 91' lang='lat' dir='ltr'><strong>Narro</strong></span> <span class='ocrx_word' id='word_1_76' title='bbox 529 948 611 996; x_wconf 88' lang='lat' dir='ltr'><strong>tibi,</strong></span> <span class='ocrx_word' id='word_1_77' title='bbox 636 948 809 997; x_wconf 83' lang='lat' dir='ltr'><strong>Quintus</strong></span> <span class='ocrx_word' id='word_1_78' title='bbox 829 957 941 999; x_wconf 90' lang='lat' dir='ltr'><strong>pater</strong></span> <span class='ocrx_word' id='word_1_79' title='bbox 963 951 1129 988; x_wconf 79' lang='lat' dir='ltr'>exsultat</span> <span class='ocrx_word' id='word_1_80' title='bbox 1158 948 1312 988; x_wconf 90' lang='lat' dir='ltr'><strong>laetitia.</strong></span> <span class='ocrx_word' id='word_1_81' title='bbox 1373 947 1533 999; x_wconf 81' lang='lat' dir='ltr'><strong>Scripsit</strong></span> <span class='ocrx_word' id='word_1_82' title='bbox 1553 948 1659 987; x_wconf 86' lang='lat' dir='ltr'><strong>enim</strong></span> <span class='ocrx_word' id='word_1_83' title='bbox 1685 965 1721 987; x_wconf 86' lang='lat'><strong>10</strong></span> 
     </span>
     <span class='ocr_line' id='line_1_12' title="bbox 328 1013 1658 1064; baseline 0 -13"><span class='ocrx_word' id='word_1_84' title='bbox 328 1014 428 1052; x_wconf 87' lang='lat' dir='ltr'><strong>filius</strong></span> <span class='ocrx_word' id='word_1_85' title='bbox 458 1028 499 1053; x_wconf 88' lang='lat' dir='ltr'><strong>se</strong></span> <span class='ocrx_word' id='word_1_86' title='bbox 531 1013 679 1052; x_wconf 91' lang='lat' dir='ltr'><strong>idcirco</strong></span> <span class='ocrx_word' id='word_1_87' title='bbox 708 1016 913 1064; x_wconf 79' lang='lat' dir='ltr'><strong>profugere</strong></span> <span class='ocrx_word' id='word_1_88' title='bbox 942 1016 993 1053; x_wconf 89' lang='lat' dir='ltr'><strong>ad</strong></span> <span class='ocrx_word' id='word_1_89' title='bbox 1024 1017 1188 1053; x_wconf 78' lang='lat' dir='ltr'><strong>Brutum</strong></span> <span class='ocrx_word' id='word_1_90' title='bbox 1219 1014 1388 1053; x_wconf 86' lang='lat' dir='ltr'><strong>voluisse</strong></span> <span class='ocrx_word' id='word_1_91' title='bbox 1418 1015 1536 1064; x_wconf 81' lang='lat' dir='ltr'><strong>quod,</strong></span> <span class='ocrx_word' id='word_1_92' title='bbox 1568 1028 1658 1052; x_wconf 89' lang='lat' dir='ltr'><strong>cum</strong></span> 
     </span>
     <span class='ocr_line' id='line_1_13' title="bbox 327 1078 1657 1128; baseline 0 -12"><span class='ocrx_word' id='word_1_93' title='bbox 327 1078 401 1116; x_wconf 82' lang='lat' dir='ltr'><strong>sibi</strong></span> <span class='ocrx_word' id='word_1_94' title='bbox 431 1078 632 1128; x_wconf 83' lang='lat' dir='ltr'><strong>negotium</strong></span> <span class='ocrx_word' id='word_1_95' title='bbox 663 1080 773 1117; x_wconf 90' lang='lat' dir='ltr'><strong>daret</strong></span> <span class='ocrx_word' id='word_1_96' title='bbox 797 1079 996 1117; x_wconf 87' lang='lat' dir='ltr'><strong>Antonius</strong></span> <span class='ocrx_word' id='word_1_97' title='bbox 1026 1087 1068 1117; x_wconf 88' lang='lat' dir='ltr'><strong>ut</strong></span> <span class='ocrx_word' id='word_1_98' title='bbox 1097 1093 1187 1117; x_wconf 90' lang='lat' dir='ltr'><strong>eum</strong></span> <span class='ocrx_word' id='word_1_99' title='bbox 1218 1079 1449 1118; x_wconf 86' lang='lat' dir='ltr'><strong>dictatorem</strong></span> <span class='ocrx_word' id='word_1_100' title='bbox 1480 1080 1657 1125; x_wconf 87' lang='lat' dir='ltr'><strong>efficeret,</strong></span> 
     </span>
     <span class='ocr_line' id='line_1_14' title="bbox 326 1143 1660 1194; baseline 0.001 -13"><span class='ocrx_word' id='word_1_101' title='bbox 326 1143 564 1193; x_wconf 78' lang='lat' dir='ltr'><strong>praesidium</strong></span> <span class='ocrx_word' id='word_1_102' title='bbox 586 1151 810 1194; x_wconf 83' lang='lat' dir='ltr'><strong>occuparet,</strong></span> <span class='ocrx_word' id='word_1_103' title='bbox 831 1144 871 1182; x_wconf 91' lang='lat' dir='ltr'><strong>id</strong></span> <span class='ocrx_word' id='word_1_104' title='bbox 898 1152 1138 1191; x_wconf 79' lang='lat' dir='ltr'><strong>recusasset3</strong></span> <span class='ocrx_word' id='word_1_105' title='bbox 1172 1158 1370 1182; x_wconf 79' lang='lat' dir='ltr'><strong>recusasse</strong></span> <span class='ocrx_word' id='word_1_106' title='bbox 1396 1152 1528 1182; x_wconf 86' lang='lat' dir='ltr'><strong>autem</strong></span> <span class='ocrx_word' id='word_1_107' title='bbox 1549 1157 1590 1182; x_wconf 89' lang='lat' dir='ltr'><strong>se</strong></span> <span class='ocrx_word' id='word_1_108' title='bbox 1611 1157 1660 1181; x_wconf 89' lang='lat' dir='ltr'><strong>ne</strong></span> 
     </span>
     <span class='ocr_line' id='line_1_15' title="bbox 326 1208 1658 1258; baseline 0 -12"><span class='ocrx_word' id='word_1_109' title='bbox 326 1208 444 1258; x_wconf 91' lang='lat' dir='ltr'><strong>patris</strong></span> <span class='ocrx_word' id='word_1_110' title='bbox 465 1209 642 1247; x_wconf 87' lang='lat' dir='ltr'><strong>animum</strong></span> <span class='ocrx_word' id='word_1_111' title='bbox 664 1210 908 1257; x_wconf 78' lang='lat' dir='ltr'><strong>offenderet3</strong></span> <span class='ocrx_word' id='word_1_112' title='bbox 942 1223 989 1248; x_wconf 86' lang='lat' dir='ltr'><strong>ex</strong></span> <span class='ocrx_word' id='word_1_113' title='bbox 1009 1223 1057 1247; x_wconf 91' lang='lat' dir='ltr'><strong>eo</strong></span> <span class='ocrx_word' id='word_1_114' title='bbox 1078 1209 1151 1247; x_wconf 86' lang='lat' dir='ltr'><strong>sibi</strong></span> <span class='ocrx_word' id='word_1_115' title='bbox 1172 1209 1281 1247; x_wconf 90' lang='lat' dir='ltr'><strong>illum</strong></span> <span class='ocrx_word' id='word_1_116' title='bbox 1303 1211 1467 1248; x_wconf 82' lang='lat' dir='ltr'><strong>bostem.</strong></span> <span class='ocrx_word' id='word_1_117' title='bbox 1527 1212 1537 1229; x_wconf 78' lang='lat'><em>‘</em></span> <span class='ocrx_word' id='word_1_118' title='bbox 1555 1212 1658 1247; x_wconf 91' lang='lat' dir='ltr'><strong>Tum</strong></span> 
     </span>
     <span class='ocr_line' id='line_1_16' title="bbox 327 1273 1720 1324; baseline 0.001 -13"><span class='ocrx_word' id='word_1_119' title='bbox 327 1275 411 1312; x_wconf 86' lang='lat' dir='ltr'><strong>me&#39;</strong></span> <span class='ocrx_word' id='word_1_120' title='bbox 442 1273 569 1324; x_wconf 82' lang='lat' dir='ltr'><strong>inquit</strong></span> <span class='ocrx_word' id='word_1_121' title='bbox 604 1274 782 1324; x_wconf 83' lang='lat' dir='ltr'><strong>‘conlegi</strong></span> <span class='ocrx_word' id='word_1_122' title='bbox 815 1287 953 1312; x_wconf 89' lang='lat' dir='ltr'><strong>verens</strong></span> <span class='ocrx_word' id='word_1_123' title='bbox 991 1288 1042 1312; x_wconf 91' lang='lat' dir='ltr'><strong>ne</strong></span> <span class='ocrx_word' id='word_1_124' title='bbox 1080 1274 1176 1323; x_wconf 86' lang='lat' dir='ltr'><strong>quid</strong></span> <span class='ocrx_word' id='word_1_125' title='bbox 1210 1275 1305 1312; x_wconf 82' lang='lat' dir='ltr'><strong>mihi</strong></span> <span class='ocrx_word' id='word_1_126' title='bbox 1340 1275 1402 1313; x_wconf 92' lang='lat' dir='ltr'><strong>ille</strong></span> <span class='ocrx_word' id='word_1_127' title='bbox 1437 1275 1554 1313; x_wconf 83' lang='lat' dir='ltr'><strong>iratus</strong></span> <span class='ocrx_word' id='word_1_128' title='bbox 1589 1275 1658 1313; x_wconf 88' lang='lat' dir='ltr'><strong>tibi</strong></span> <span class='ocrx_word' id='word_1_129' title='bbox 1685 1290 1720 1321; x_wconf 82' lang='lat'><strong>15.</strong></span> 
     </span>
     <span class='ocr_line' id='line_1_17' title="bbox 325 1338 1660 1388; baseline 0.001 -13"><span class='ocrx_word' id='word_1_130' title='bbox 325 1346 495 1376; x_wconf 87' lang='lat' dir='ltr'><strong>noceret.</strong></span> <span class='ocrx_word' id='word_1_131' title='bbox 557 1339 697 1387; x_wconf 84' lang='lat' dir='ltr'><strong>Itaque</strong></span> <span class='ocrx_word' id='word_1_132' title='bbox 724 1352 815 1376; x_wconf 89' lang='lat' dir='ltr'><strong>eum</strong></span> <span class='ocrx_word' id='word_1_133' title='bbox 845 1338 1005 1388; x_wconf 79' lang='lat' dir='ltr'><strong>placavi.</strong></span> <span class='ocrx_word' id='word_1_134' title='bbox 1068 1340 1117 1376; x_wconf 88' lang='lat' dir='ltr'><strong>Et</strong></span> <span class='ocrx_word' id='word_1_135' title='bbox 1138 1338 1298 1388; x_wconf 86' lang='lat' dir='ltr'><strong>quidem</strong></span> <span class='ocrx_word' id='word_1_136' title='bbox 1320 1351 1420 1376; x_wconf 75' lang='lat' dir='ltr'><strong>cccc</strong></span> <span class='ocrx_word' id='word_1_137' title='bbox 1441 1348 1554 1385; x_wconf 84' lang='lat' dir='ltr'><strong>certa,</strong></span> <span class='ocrx_word' id='word_1_138' title='bbox 1578 1339 1660 1377; x_wconf 81' lang='lat' dir='ltr'><strong>reli-</strong></span> 
     </span>
     <span class='ocr_line' id='line_1_18' title="bbox 325 1402 1660 1454; baseline 0.001 -13"><span class='ocrx_word' id='word_1_139' title='bbox 325 1417 403 1453; x_wconf 84' lang='lat' dir='ltr'><strong>qua</strong></span> <span class='ocrx_word' id='word_1_140' title='bbox 424 1403 461 1440; x_wconf 93' lang='lat' dir='ltr'><strong>in</strong></span> <span class='ocrx_word' id='word_1_141' title='bbox 485 1404 578 1453; x_wconf 87' lang='lat' dir='ltr'><strong>spe.&#39;</strong></span> <span class='ocrx_word' id='word_1_142' title='bbox 631 1402 772 1441; x_wconf 83' lang='lat' dir='ltr'><strong>Scribit</strong></span> <span class='ocrx_word' id='word_1_143' title='bbox 793 1410 925 1441; x_wconf 87' lang='lat' dir='ltr'><strong>autem</strong></span> <span class='ocrx_word' id='word_1_144' title='bbox 948 1403 1092 1441; x_wconf 80' lang='lat' dir='ltr'><strong>Statius</strong></span> <span class='ocrx_word' id='word_1_145' title='bbox 1114 1403 1223 1441; x_wconf 90' lang='lat' dir='ltr'><strong>illum</strong></span> <span class='ocrx_word' id='word_1_146' title='bbox 1244 1417 1335 1441; x_wconf 89' lang='lat' dir='ltr'><strong>cum</strong></span> <span class='ocrx_word' id='word_1_147' title='bbox 1355 1412 1464 1454; x_wconf 87' lang='lat' dir='ltr'><strong>patre</strong></span> <span class='ocrx_word' id='word_1_148' title='bbox 1484 1404 1660 1443; x_wconf 83' lang='lat' dir='ltr'><strong>habitare</strong></span> 
     </span>
     <span class='ocr_line' id='line_1_19' title="bbox 325 1467 1661 1520; baseline 0.001 -15"><span class='ocrx_word' id='word_1_149' title='bbox 325 1469 424 1506; x_wconf 90' lang='lat' dir='ltr'><strong>velle</strong></span> <span class='ocrx_word' id='word_1_150' title='bbox 447 1468 540 1518; x_wconf 85' lang='lat' dir='ltr'><strong>(hoc</strong></span> <span class='ocrx_word' id='word_1_151' title='bbox 561 1482 653 1507; x_wconf 86' lang='lat' dir='ltr'><strong>vero</strong></span> <span class='ocrx_word' id='word_1_152' title='bbox 683 1467 843 1520; x_wconf 86' lang='lat' dir='ltr'><strong>mirum)</strong></span> <span class='ocrx_word' id='word_1_153' title='bbox 863 1475 901 1506; x_wconf 87' lang='lat' dir='ltr'><strong>et</strong></span> <span class='ocrx_word' id='word_1_154' title='bbox 930 1468 971 1506; x_wconf 92' lang='lat' dir='ltr'><strong>id</strong></span> <span class='ocrx_word' id='word_1_155' title='bbox 999 1469 1154 1518; x_wconf 86' lang='lat' dir='ltr'><strong>gaudet.</strong></span> <span class='ocrx_word' id='word_1_156' title='bbox 1216 1470 1394 1518; x_wconf 84' lang='lat' dir='ltr'><strong>Ecquem</strong></span> <span class='ocrx_word' id='word_1_157' title='bbox 1423 1476 1465 1506; x_wconf 90' lang='lat' dir='ltr'><strong>tu</strong></span> <span class='ocrx_word' id='word_1_158' title='bbox 1492 1468 1558 1507; x_wconf 93' lang='lat' dir='ltr'><strong>illo</strong></span> <span class='ocrx_word' id='word_1_159' title='bbox 1583 1483 1661 1507; x_wconf 87' lang='lat' dir='ltr'><strong>cer—</strong></span> 
     </span>
     <span class='ocr_line' id='line_1_20' title="bbox 326 1533 759 1572; baseline 0 -1"><span class='ocrx_word' id='word_1_160' title='bbox 326 1533 465 1572; x_wconf 89' lang='lat' dir='ltr'><strong>tiorem</strong></span> <span class='ocrx_word' id='word_1_161' title='bbox 487 1533 759 1572; x_wconf 86' lang='lat' dir='ltr'><strong>nebulonem?</strong></span> 
     </span>
    </p>

    <p class='ocr_par' dir='ltr' id='par_1_5' title="bbox 282 1598 1719 1912">
     <span class='ocr_line' id='line_1_21' title="bbox 282 1598 1719 1656; baseline 0.001 -19"><span class='ocrx_word' id='word_1_162' title='bbox 282 1610 308 1638; x_wconf 83' lang='lat'><strong>2</strong></span> <span class='ocrx_word' id='word_1_163' title='bbox 379 1598 545 1650; x_wconf 79' lang='grc' dir='ltr'>Ἐποχὴν</span> <span class='ocrx_word' id='word_1_164' title='bbox 564 1606 731 1656; x_wconf 72' lang='lat' dir='ltr'><strong>vestram</strong></span> <span class='ocrx_word' id='word_1_165' title='bbox 753 1601 803 1638; x_wconf 90' lang='lat' dir='ltr'><strong>de</strong></span> <span class='ocrx_word' id='word_1_166' title='bbox 823 1614 863 1638; x_wconf 94' lang='lat' dir='ltr'><strong>re</strong></span> <span class='ocrx_word' id='word_1_167' title='bbox 885 1600 985 1639; x_wconf 89' lang='lat' dir='ltr'><strong>Cani</strong></span> <span class='ocrx_word' id='word_1_168' title='bbox 1008 1599 1333 1655; x_wconf 79' lang='lat' dir='ltr'><strong>[deliberationis]</strong></span> <span class='ocrx_word' id='word_1_169' title='bbox 1355 1603 1491 1652; x_wconf 90' lang='lat' dir='ltr'><strong>probo.</strong></span> <span class='ocrx_word' id='word_1_170' title='bbox 1548 1601 1659 1640; x_wconf 82' lang='lat' dir='ltr'><strong>Nihil</strong></span> <span class='ocrx_word' id='word_1_171' title='bbox 1681 1614 1719 1635; x_wconf 84' lang='lat'><strong>20</strong></span> 
     </span>
     <span class='ocr_line' id='line_1_22' title="bbox 326 1665 1655 1717; baseline 0.002 -14"><span class='ocrx_word' id='word_1_172' title='bbox 326 1679 431 1703; x_wconf 91' lang='lat' dir='ltr'><strong>eram</strong></span> <span class='ocrx_word' id='word_1_173' title='bbox 462 1665 681 1715; x_wconf 89' lang='lat' dir='ltr'><strong>suspicatus</strong></span> <span class='ocrx_word' id='word_1_174' title='bbox 712 1667 761 1704; x_wconf 94' lang='lat' dir='ltr'><strong>de</strong></span> <span class='ocrx_word' id='word_1_175' title='bbox 791 1666 948 1714; x_wconf 75' lang='lat' dir='ltr'><strong>tabulis,</strong></span> <span class='ocrx_word' id='word_1_176' title='bbox 979 1669 1151 1717; x_wconf 82' lang='grc' dir='ltr'>ἀκεραίως</span> <span class='ocrx_word' id='word_1_177' title='bbox 1184 1668 1401 1706; x_wconf 83' lang='lat' dir='ltr'><strong>restitutam</strong></span> <span class='ocrx_word' id='word_1_178' title='bbox 1432 1667 1655 1706; x_wconf 89' lang='lat' dir='ltr'><strong>arbitrabar.</strong></span> 
     </span>
     <span class='ocr_line' id='line_1_23' title="bbox 327 1730 1659 1783; baseline 0.002 -15"><span class='ocrx_word' id='word_1_179' title='bbox 327 1732 441 1779; x_wconf 82' lang='lat' dir='ltr'><strong>Quae</strong></span> <span class='ocrx_word' id='word_1_180' title='bbox 480 1730 610 1768; x_wconf 81' lang='lat' dir='ltr'><strong>differs</strong></span> <span class='ocrx_word' id='word_1_181' title='bbox 650 1738 691 1768; x_wconf 87' lang='lat' dir='ltr'><strong>ut</strong></span> <span class='ocrx_word' id='word_1_182' title='bbox 730 1745 887 1769; x_wconf 89' lang='lat' dir='ltr'><strong>mecum</strong></span> <span class='ocrx_word' id='word_1_183' title='bbox 927 1746 1058 1771; x_wconf 90' lang='lat' dir='ltr'><strong>coram</strong></span> <span class='ocrx_word' id='word_1_184' title='bbox 1099 1734 1345 1783; x_wconf 85' lang='lat' dir='ltr'><strong>exspectabo.</strong></span> <span class='ocrx_word' id='word_1_185' title='bbox 1416 1733 1659 1771; x_wconf 88' lang='lat' dir='ltr'><strong>Tabellarios</strong></span> 
     </span>
     <span class='ocr_line' id='line_1_24' title="bbox 326 1796 1659 1848; baseline 0.003 -15"><span class='ocrx_word' id='word_1_186' title='bbox 326 1797 459 1845; x_wconf 86' lang='lat' dir='ltr'><strong>quoad</strong></span> <span class='ocrx_word' id='word_1_187' title='bbox 480 1798 586 1834; x_wconf 88' lang='lat' dir='ltr'><strong>voles</strong></span> <span class='ocrx_word' id='word_1_188' title='bbox 608 1796 787 1843; x_wconf 87' lang='lat' dir='ltr'><strong>tenebis;</strong></span> <span class='ocrx_word' id='word_1_189' title='bbox 817 1811 858 1835; x_wconf 88' lang='lat' dir='ltr'><strong>es</strong></span> <span class='ocrx_word' id='word_1_190' title='bbox 889 1798 993 1836; x_wconf 89' lang='lat' dir='ltr'><strong>enim</strong></span> <span class='ocrx_word' id='word_1_191' title='bbox 1024 1807 1250 1848; x_wconf 88' lang='lat' dir='ltr'><strong>occupatus.</strong></span> <span class='ocrx_word' id='word_1_192' title='bbox 1311 1799 1431 1847; x_wconf 82' lang='lat' dir='ltr'><strong>Quod</strong></span> <span class='ocrx_word' id='word_1_193' title='bbox 1458 1799 1508 1836; x_wconf 85' lang='lat' dir='ltr'><strong>ad</strong></span> <span class='ocrx_word' id='word_1_194' title='bbox 1530 1800 1659 1837; x_wconf 85' lang='lat' dir='ltr'><strong>Xeno-</strong></span> 
     </span>
     <span class='ocr_line' id='line_1_25' title="bbox 326 1862 1659 1912; baseline 0.002 -13"><span class='ocrx_word' id='word_1_195' title='bbox 326 1875 430 1908; x_wconf 87' lang='lat' dir='ltr'><strong>nem,</strong></span> <span class='ocrx_word' id='word_1_196' title='bbox 460 1862 592 1911; x_wconf 91' lang='lat' dir='ltr'><strong>probe.</strong></span> <span class='ocrx_word' id='word_1_197' title='bbox 654 1863 774 1911; x_wconf 87' lang='lat' dir='ltr'><strong>Quod</strong></span> <span class='ocrx_word' id='word_1_198' title='bbox 816 1863 954 1910; x_wconf 86' lang='lat' dir='ltr'><strong>scribo,</strong></span> <span class='ocrx_word' id='word_1_199' title='bbox 989 1878 1079 1902; x_wconf 89' lang='lat' dir='ltr'><strong>cum</strong></span> <span class='ocrx_word' id='word_1_200' title='bbox 1112 1864 1329 1902; x_wconf 83' lang='lat' dir='ltr'><strong>absolvero.</strong></span> <span class='ocrx_word' id='word_1_201' title='bbox 1390 1863 1541 1912; x_wconf 83' lang='lat' dir='ltr'><strong>Quinto</strong></span> <span class='ocrx_word' id='word_1_202' title='bbox 1571 1863 1659 1902; x_wconf 80' lang='lat' dir='ltr'><strong>scri-</strong></span> 
     </span>
    </p>

    <p class='ocr_par' dir='ltr' id='par_1_6' title="bbox 283 1926 1717 2045">
     <span class='ocr_line' id='line_1_26' title="bbox 283 1926 1717 1979; baseline 0.003 -15"><span class='ocrx_word' id='word_1_203' title='bbox 283 1938 307 1974; x_wconf 91' lang='lat'><strong>3</strong></span> <span class='ocrx_word' id='word_1_204' title='bbox 327 1926 437 1976; x_wconf 88' lang='lat' dir='ltr'><strong>psisti</strong></span> <span class='ocrx_word' id='word_1_205' title='bbox 459 1934 495 1964; x_wconf 92' lang='lat' dir='ltr'><strong>te</strong></span> <span class='ocrx_word' id='word_1_206' title='bbox 515 1928 566 1965; x_wconf 91' lang='lat' dir='ltr'><strong>ad</strong></span> <span class='ocrx_word' id='word_1_207' title='bbox 587 1941 678 1965; x_wconf 93' lang='lat' dir='ltr'><strong>eum</strong></span> <span class='ocrx_word' id='word_1_208' title='bbox 700 1927 854 1967; x_wconf 86' lang='lat' dir='ltr'><strong>litteras.</strong></span> <span class='ocrx_word' id='word_1_209' title='bbox 916 1930 1048 1967; x_wconf 90' lang='lat' dir='ltr'><strong>Nemo</strong></span> <span class='ocrx_word' id='word_1_210' title='bbox 1067 1931 1258 1967; x_wconf 88' lang='lat' dir='ltr'><strong>attulerat.</strong></span> <span class='ocrx_word' id='word_1_211' title='bbox 1317 1929 1411 1967; x_wconf 91' lang='lat' dir='ltr'><strong>Tiro</strong></span> <span class='ocrx_word' id='word_1_212' title='bbox 1436 1937 1550 1979; x_wconf 82' lang='lat' dir='ltr'><strong>negat</strong></span> <span class='ocrx_word' id='word_1_213' title='bbox 1579 1928 1657 1967; x_wconf 88' lang='lat' dir='ltr'><strong>iam</strong></span> <span class='ocrx_word' id='word_1_214' title='bbox 1680 1938 1717 1970; x_wconf 87' lang='lat'><strong>25</strong></span> 
     </span>
     <span class='ocr_line' id='line_1_27' title="bbox 325 1990 1658 2045; baseline 0.002 -17"><span class='ocrx_word' id='word_1_215' title='bbox 325 1990 396 2029; x_wconf 87' lang='lat' dir='ltr'><strong>tibi</strong></span> <span class='ocrx_word' id='word_1_216' title='bbox 417 1993 571 2042; x_wconf 89' lang='lat' dir='ltr'><strong>placere</strong></span> <span class='ocrx_word' id='word_1_217' title='bbox 593 1993 847 2031; x_wconf 87' lang='lat' dir='ltr'><strong>Brundisium</strong></span> <span class='ocrx_word' id='word_1_218' title='bbox 875 2002 913 2032; x_wconf 93' lang='lat' dir='ltr'><strong>et</strong></span> <span class='ocrx_word' id='word_1_219' title='bbox 940 1994 1102 2044; x_wconf 86' lang='lat' dir='ltr'><strong>quidem</strong></span> <span class='ocrx_word' id='word_1_220' title='bbox 1132 1994 1262 2033; x_wconf 91' lang='lat' dir='ltr'><strong>dicere</strong></span> <span class='ocrx_word' id='word_1_221' title='bbox 1291 1994 1440 2045; x_wconf 84' lang='lat' dir='ltr'><strong>aliquid</strong></span> <span class='ocrx_word' id='word_1_222' title='bbox 1461 1995 1511 2033; x_wconf 90' lang='lat' dir='ltr'><strong>de</strong></span> <span class='ocrx_word' id='word_1_223' title='bbox 1532 1993 1658 2032; x_wconf 86' lang='lat' dir='ltr'><strong>militi-</strong></span> 
     </span>
    </p>
   </div>
   <div class='ocr_carea' id='block_1_5' title="bbox 1319 1338 1420 1344">
    <p class='ocr_par' dir='ltr' id='par_1_7' title="bbox 1319 1338 1420 1344">
     <span class='ocr_line' id='line_1_28' title="bbox 1319 1338 1420 1344; baseline 0 0"><span class='ocrx_word' id='word_1_224' title='bbox 1319 1338 1420 1344; x_wconf 95' lang='lat' dir='ltr'><strong> </strong></span> 
     </span>
    </p>
   </div>
   <div class='ocr_carea' id='block_1_6' title="bbox 325 2097 1660 2441">
    <p class='ocr_par' dir='ltr' id='par_1_8' title="bbox 325 2097 1660 2441">
     <span class='ocr_line' id='line_1_29' title="bbox 372 2097 1657 2138; baseline 0.002 -12"><span class='ocrx_word' id='word_1_225' title='bbox 372 2107 385 2126; x_wconf 93' lang='lat'>1</span> <span class='ocrx_word' id='word_1_226' title='bbox 412 2098 443 2128; x_wconf 91' lang='lat' dir='ltr'><strong>ei</strong></span> <span class='ocrx_word' id='word_1_227' title='bbox 470 2097 680 2138; x_wconf 79' lang='lat' dir='ltr'><strong>Malaspina:</strong></span> <span class='ocrx_word' id='word_1_228' title='bbox 708 2104 740 2129; x_wconf 88' lang='lat' dir='ltr'><strong>et</strong></span> <span class='ocrx_word' id='word_1_229' title='bbox 765 2099 809 2130; x_wconf 79' lang='lat' dir='ltr'><strong>F:</strong></span> <span class='ocrx_word' id='word_1_230' title='bbox 849 2100 881 2129; x_wconf 90' lang='lat' dir='ltr'><strong>id</strong></span> <span class='ocrx_word' id='word_1_231' title='bbox 907 2098 964 2129; x_wconf 82' lang='lat' dir='ltr'><strong>M:</strong></span> <span class='ocrx_word' id='word_1_232' title='bbox 995 2099 1152 2129; x_wconf 83' lang='lat' dir='ltr'><strong>Ciceroni</strong></span> <span class='ocrx_word' id='word_1_233' title='bbox 1178 2099 1277 2129; x_wconf 69' lang='lat' dir='ltr'><strong>Klotz</strong></span> <span class='ocrx_word' id='word_1_234' title='bbox 1445 2111 1463 2138; x_wconf 88' lang='lat'>4</span> <span class='ocrx_word' id='word_1_235' title='bbox 1489 2098 1657 2138; x_wconf 85' lang='lat' dir='ltr'><strong>explicata</strong></span> 
     </span>
     <span class='ocr_line' id='line_1_30' title="bbox 325 2140 1658 2174; baseline 0.001 -4"><span class='ocrx_word' id='word_1_236' title='bbox 325 2140 412 2171; x_wconf 85' lang='lat' dir='ltr'><strong>codd.</strong></span> <span class='ocrx_word' id='word_1_237' title='bbox 434 2140 593 2174; x_wconf 75' lang='lat' dir='ltr'><strong>Memmi:</strong></span> <span class='ocrx_word' id='word_1_238' title='bbox 629 2143 777 2173; x_wconf 83' lang='lat' dir='ltr'><strong>excitata</strong></span> <span class='ocrx_word' id='word_1_239' title='bbox 799 2142 858 2172; x_wconf 92' lang='lat' dir='ltr'><strong>M:</strong></span> <span class='ocrx_word' id='word_1_240' title='bbox 889 2143 1052 2173; x_wconf 80' lang='lat' dir='ltr'><strong>extricata</strong></span> <span class='ocrx_word' id='word_1_241' title='bbox 1077 2142 1220 2173; x_wconf 78' lang='lat' dir='ltr'><strong>Rosius:</strong></span> <span class='ocrx_word' id='word_1_242' title='bbox 1247 2142 1318 2173; x_wconf 82' lang='lat' dir='ltr'><strong>HS,</strong></span> <span class='ocrx_word' id='word_1_243' title='bbox 1346 2153 1364 2173; x_wconf 89' lang='lat' dir='ltr'>C</span> <span class='ocrx_word' id='word_1_244' title='bbox 1386 2143 1464 2173; x_wconf 83' lang='lat' dir='ltr'><strong>data</strong></span> <span class='ocrx_word' id='word_1_245' title='bbox 1489 2143 1658 2172; x_wconf 75' lang='lat' dir='ltr'><strong>Tmmbns</strong></span> 
     </span>
     <span class='ocr_line' id='line_1_31' title="bbox 329 2184 1653 2225; baseline 0.002 -11"><span class='ocrx_word' id='word_1_246' title='bbox 329 2184 381 2223; x_wconf 75' lang='lat' dir='ltr'><strong>(ex</strong></span> <span class='ocrx_word' id='word_1_247' title='bbox 394 2185 541 2216; x_wconf 84' lang='lat' dir='ltr'><strong>excitata</strong></span> <span class='ocrx_word' id='word_1_248' title='bbox 555 2186 726 2225; x_wconf 74' lang='lat' dir='ltr'><strong>quoderat</strong></span> <span class='ocrx_word' id='word_1_249' title='bbox 742 2190 779 2217; x_wconf 77' lang='lat' dir='ltr'><strong>ut</strong></span> <span class='ocrx_word' id='word_1_250' title='bbox 794 2186 921 2217; x_wconf 73' lang='lat' dir='ltr'><strong>videtur</strong></span> <span class='ocrx_word' id='word_1_251' title='bbox 935 2187 968 2216; x_wconf 80' lang='lat' dir='ltr'><strong>in</strong></span> <span class='ocrx_word' id='word_1_252' title='bbox 986 2186 1029 2216; x_wconf 57' lang='lat' dir='ltr'><strong>Zi</strong></span> <span class='ocrx_word' id='word_1_253' title='bbox 1158 2196 1176 2225; x_wconf 85' lang='lat'><strong>5</strong></span> <span class='ocrx_word' id='word_1_254' title='bbox 1203 2186 1303 2217; x_wconf 87' lang='lat' dir='ltr'><strong>Hane</strong></span> <span class='ocrx_word' id='word_1_255' title='bbox 1321 2185 1381 2217; x_wconf 91' lang='lat' dir='ltr'><strong>M:</strong></span> <span class='ocrx_word' id='word_1_256' title='bbox 1408 2186 1503 2217; x_wconf 86' lang='lat' dir='ltr'><strong>Haec</strong></span> <span class='ocrx_word' id='word_1_257' title='bbox 1523 2185 1653 2216; x_wconf 75' lang='lat' dir='ltr'><strong>Ernesti</strong></span> 
     </span>
     <span class='ocr_line' id='line_1_32' title="bbox 327 2230 1657 2268; baseline 0.001 -10"><span class='ocrx_word' id='word_1_258' title='bbox 327 2239 427 2259; x_wconf 83' lang='lat' dir='ltr'><strong>manu</strong></span> <span class='ocrx_word' id='word_1_259' title='bbox 445 2230 657 2260; x_wconf 83' lang='lat' dir='ltr'><strong>scribendam</strong></span> <span class='ocrx_word' id='word_1_260' title='bbox 675 2234 745 2261; x_wconf 80' lang='lat' dir='ltr'><strong>velt.</strong></span> <span class='ocrx_word' id='word_1_261' title='bbox 764 2242 770 2262; x_wconf 81' lang='lat' dir='ltr'><strong><em>z</em></strong></span> <span class='ocrx_word' id='word_1_262' title='bbox 796 2240 915 2260; x_wconf 88' lang='lat' dir='ltr'><strong>manus</strong></span> <span class='ocrx_word' id='word_1_263' title='bbox 937 2230 1116 2261; x_wconf 84' lang='lat' dir='ltr'><strong>scribenda</strong></span> <span class='ocrx_word' id='word_1_264' title='bbox 1138 2230 1180 2260; x_wconf 91' lang='lat' dir='ltr'><em>M</em></span> <span class='ocrx_word' id='word_1_265' title='bbox 1325 2231 1362 2260; x_wconf 76' lang='grc'><strong>’.6</strong></span> <span class='ocrx_word' id='word_1_266' title='bbox 1385 2234 1525 2260; x_wconf 80' lang='lat' dir='ltr'><strong>noceret</strong></span> <span class='ocrx_word' id='word_1_267' title='bbox 1552 2231 1657 2268; x_wconf 82' lang='lat' dir='ltr'><strong>patris</strong></span> 
     </span>
     <span class='ocr_line' id='line_1_33' title="bbox 325 2269 1660 2314; baseline 0 -12"><span class='ocrx_word' id='word_1_268' title='bbox 325 2272 466 2303; x_wconf 80' lang='lat' dir='ltr'><strong>scilicet.</strong></span> <span class='ocrx_word' id='word_1_269' title='bbox 516 2274 633 2312; x_wconf 85' lang='lat' dir='ltr'><strong>Itaque</strong></span> <span class='ocrx_word' id='word_1_270' title='bbox 661 2273 709 2309; x_wconf 71' lang='lat' dir='ltr'><strong>M,</strong></span> <span class='ocrx_word' id='word_1_271' title='bbox 736 2275 773 2314; x_wconf 82' lang='lat' dir='ltr'><strong>cf.</strong></span> <span class='ocrx_word' id='word_1_272' title='bbox 799 2284 848 2314; x_wconf 83' lang='lat'><strong>15.</strong></span> <span class='ocrx_word' id='word_1_273' title='bbox 879 2286 898 2314; x_wconf 92' lang='lat'>4</span> <span class='ocrx_word' id='word_1_274' title='bbox 1050 2275 1087 2304; x_wconf 83' lang='lat'><strong>18</strong></span> <span class='ocrx_word' id='word_1_275' title='bbox 1113 2274 1261 2313; x_wconf 85' lang='lat' dir='ltr'><strong>Ecquem</strong></span> <span class='ocrx_word' id='word_1_276' title='bbox 1287 2269 1342 2304; x_wconf 65' lang='grc' dir='ltr'><strong>Ζὑί</strong></span> <span class='ocrx_word' id='word_1_277' title='bbox 1359 2285 1386 2304; x_wconf 87' lang='lat' dir='ltr'><strong>v.</strong></span> <span class='ocrx_word' id='word_1_278' title='bbox 1407 2285 1457 2304; x_wconf 86' lang='lat' dir='ltr'><strong>c.:</strong></span> <span class='ocrx_word' id='word_1_279' title='bbox 1492 2284 1592 2312; x_wconf 90' lang='lat' dir='ltr'><strong>quem</strong></span> <span class='ocrx_word' id='word_1_280' title='bbox 1619 2272 1660 2302; x_wconf 96' lang='lat' dir='ltr'><em>M</em></span> 
     </span>
     <span class='ocr_line' id='line_1_34' title="bbox 326 2316 1656 2356; baseline 0 -11"><span class='ocrx_word' id='word_1_281' title='bbox 326 2316 533 2346; x_wconf 86' lang='lat' dir='ltr'><strong>cerritiorem</strong></span> <span class='ocrx_word' id='word_1_282' title='bbox 560 2316 636 2347; x_wconf 71' lang='lat' dir='ltr'><strong>coni.</strong></span> <span class='ocrx_word' id='word_1_283' title='bbox 663 2317 780 2356; x_wconf 70' lang='lat' dir='ltr'><strong>Tyrrell</strong></span> <span class='ocrx_word' id='word_1_284' title='bbox 920 2327 962 2347; x_wconf 89' lang='lat'><strong>20</strong></span> <span class='ocrx_word' id='word_1_285' title='bbox 986 2317 1238 2348; x_wconf 82' lang='lat' dir='ltr'><strong>deliberationis</strong></span> <span class='ocrx_word' id='word_1_286' title='bbox 1261 2318 1328 2349; x_wconf 81' lang='lat' dir='ltr'><strong>secl.</strong></span> <span class='ocrx_word' id='word_1_287' title='bbox 1348 2317 1495 2348; x_wconf 75' lang='lat' dir='ltr'><strong>Ernesti:</strong></span> <span class='ocrx_word' id='word_1_288' title='bbox 1530 2316 1656 2347; x_wconf 88' lang='lat' dir='ltr'><strong>delibe-</strong></span> 
     </span>
     <span class='ocr_line' id='line_1_35' title="bbox 327 2360 1655 2400; baseline 0.001 -12"><span class='ocrx_word' id='word_1_289' title='bbox 327 2360 471 2389; x_wconf 83' lang='lat' dir='ltr'><strong>rantium</strong></span> <span class='ocrx_word' id='word_1_290' title='bbox 497 2361 575 2390; x_wconf 85' lang='lat' dir='ltr'><strong>coni.</strong></span> <span class='ocrx_word' id='word_1_291' title='bbox 603 2360 733 2392; x_wconf 78' lang='lat' dir='ltr'><strong>Moser:</strong></span> <span class='ocrx_word' id='word_1_292' title='bbox 770 2371 856 2400; x_wconf 87' lang='lat' dir='ltr'><strong>quae</strong></span> <span class='ocrx_word' id='word_1_293' title='bbox 886 2365 937 2392; x_wconf 86' lang='lat' dir='ltr'><strong>est</strong></span> <span class='ocrx_word' id='word_1_294' title='bbox 964 2361 1219 2392; x_wconf 83' lang='lat' dir='ltr'><strong>deliberationis</strong></span> <span class='ocrx_word' id='word_1_295' title='bbox 1244 2360 1330 2391; x_wconf 83' lang='lat' dir='ltr'><strong>Reid</strong></span> <span class='ocrx_word' id='word_1_296' title='bbox 1489 2371 1529 2399; x_wconf 90' lang='lat'><strong>24</strong></span> <span class='ocrx_word' id='word_1_297' title='bbox 1555 2360 1655 2399; x_wconf 85' lang='lat' dir='ltr'><strong>Quod</strong></span> 
     </span>
     <span class='ocr_line' id='line_1_36' title="bbox 326 2402 659 2441; baseline 0.006 -9"><span class='ocrx_word' id='word_1_298' title='bbox 326 2402 454 2441; x_wconf 84' lang='lat' dir='ltr'><strong>Quinto</strong></span> <span class='ocrx_word' id='word_1_299' title='bbox 478 2403 557 2434; x_wconf 83' lang='lat' dir='ltr'><strong>coni.</strong></span> <span class='ocrx_word' id='word_1_300' title='bbox 574 2403 659 2434; x_wconf 83' lang='lat' dir='ltr'><strong>Boot</strong></span> 
     </span>
    </p>
   </div>
   <div class='ocr_carea' id='block_1_7' title="bbox 1813 1202 1827 2776">
    <p class='ocr_par' dir='ltr' id='par_1_9' title="bbox 1813 1202 1827 2776">
     <span class='ocr_line' id='line_1_37' title="bbox 1813 1202 1827 2776; baseline 0 0"><span class='ocrx_word' id='word_1_301' title='bbox 1813 1202 1827 2776; x_wconf 95' lang='lat' dir='ltr'><strong> </strong></span> 
     </span>
    </p>
   </div>
  </div>
 </body>
</html>
