1827 2798
183 145 279 183 XII.
302 154 334 183 x
686 147 743 184 M.
775 146 944 183 TVLLI
976 143 1283 185 CICERONIS

278 2236 296 2264 1

356 270 401 306 X
640 272 712 305 scr.
730 272 880 305 Asturae
895 284 915 305 v
930 273 974 306 K.
994 273 1083 306 Sext.
1104 285 1136 306 a.
1159 283 1218 315 709
1238 274 1318 317 (45).

729 362 898 393 CICERO
920 362 1108 394 ATTICO
1130 362 1237 394 SAL.

370 453 477 490 Male
515 465 579 491 me
612 453 770 491 hercule
809 454 860 492 de
898 454 1152 491 Athamante.
1212 454 1323 490 Tuus
1361 458 1493 489 autem
1533 451 1646 489 dolor

313 517 510 554 humanus
539 516 570 554 is
598 516 760 566 quidem
788 518 858 556 sed
886 531 1030 568 magno
1058 531 1175 567 opere
1205 517 1482 555 moderandus.
1543 516 1646 554 Con-

314 581 551 619 solationum
575 589 708 620 autem
734 584 880 621 multae
901 582 986 621 viae
1013 584 1083 621 sed
1104 582 1169 620 illa
1195 581 1432 620 rectissima:
1464 580 1646 629 impetret
1667 589 1682 619 5

313 646 410 684 ratio
445 647 553 695 quod
588 646 672 685 dies
710 647 965 697 impetratura
1003 655 1071 685 est.
1144 646 1286 685 Alexin
1324 659 1417 684 vero
1452 658 1642 690 curemus,

313 710 524 760 imaginem
545 711 713 757 Tironis,
737 726 856 762 quem
877 725 1037 762 aegrum
1060 713 1232 750 Romam
1257 710 1398 757 remisi,
1422 717 1473 757 et,
1494 710 1525 748 si
1550 709 1646 759 quid

313 776 432 814 habet
449 776 558 814 collis
581 777 781 827 ἐπιδήμιον,
796 778 847 815 ad
865 790 928 815 me
945 790 1035 815 curn
1052 779 1340 817 †testamento†
1356 776 1643 813 transferamus.

312 842 416 879 Tota
445 843 588 881 domus
620 850 732 881 vacat
767 842 952 893 superior,
985 849 1028 881 ut
1056 841 1142 881 seis.
1203 843 1296 881 Hoc
1326 848 1423 893 puto
1451 841 1566 879 valde
1594 840 1647 878 ad

312 920 394 946 rem
415 908 619 958 pertinere.
1669 918 1705 940 10

357 1061 424 1096 XI
552 1063 621 1096 Ser.
640 1064 675 1094 in
698 1065 731 1095 Τ
727 1063 885 1095 asculano
903 1074 948 1096 m.
966 1063 1071 1094 intere.
1084 1065 1170 1104 post.
1189 1073 1219 1094 a.
1243 1064 1304 1103 708
1322 1062 1408 1104 (46).

727 1152 900 1184 CICERO
922 1151 1108 1183 ATTICO
1131 1151 1239 1183 SAL.

369 1244 477 1281 Male
506 1243 556 1281 de
584 1242 684 1281 Seio.
744 1242 822 1280 Sed
847 1240 980 1279 omnia
1006 1242 1178 1278 humana
1205 1241 1422 1280 tolerabilia
1448 1243 1642 1281 ducenda.

314 1308 396 1359 Ipsi
417 1308 523 1346 enim
544 1307 640 1357 quid
667 1320 802 1345 sumus
828 1314 896 1344 aut
923 1319 1041 1356 quam
1070 1306 1137 1344 diu
1165 1307 1261 1344 haee
1289 1307 1457 1345 curaturi
1481 1310 1646 1346 sumus?

314 1376 372 1411 Ea
388 1373 591 1411 videamus
613 1385 714 1421 quae
734 1373 785 1410 ad
806 1385 879 1410 nos
900 1371 1023 1421 magis
1044 1371 1254 1421 pertinent,
1267 1386 1341 1410 nee
1357 1380 1488 1411 tamen
1506 1375 1642 1420 multo,
1666 1388 1702 1419 15

312 1439 409 1489 quid
443 1452 604 1488 agamus
638 1439 688 1476 de
728 1444 876 1476 senatu.
937 1439 988 1475 Et
1026 1444 1069 1474 ut
1107 1451 1156 1476 ne
1196 1438 1291 1487 quid
1325 1438 1643 1488 praetermittam,

314 1504 532 1544 Caesonius
559 1504 609 1541 ad
637 1516 700 1541 me
727 1502 873 1540 litteras
904 1501 1008 1540 misit
1031 1503 1275 1541 Postumiam
1301 1503 1449 1553 Sulpici
1479 1505 1645 1542 domum

311 1572 362 1609 ad
392 1584 433 1608 se
462 1569 625 1608 venisse.
687 1570 749 1607 De
778 1567 943 1617 Pompei
972 1568 1109 1617 Magni
1140 1568 1217 1606 filia
1246 1568 1316 1607 tibi
1344 1568 1521 1618 rescripsi
1549 1568 1646 1606 nihil

312 1648 376 1673 me
410 1636 486 1672 hoe
521 1642 697 1684 tempore
732 1633 928 1683 cogitare3
974 1635 1135 1672 alteram
1170 1647 1261 1672 vero
1300 1633 1406 1671 illam
1445 1647 1564 1683 quam
1604 1641 1645 1671 tu

312 1699 460 1746 scribis,
505 1707 612 1748 puto,
658 1699 789 1737 nosti:
846 1698 943 1736 nihil
986 1698 1066 1737 vidi
1113 1699 1278 1738 foedius.
1365 1700 1444 1738 Sed
1491 1701 1642 1738 adsum.
1667 1711 1704 1732 20

313 1766 457 1803 Coram
480 1764 604 1814 igitur.

367 1829 586 1879 Obsignata
619 1828 786 1880 epistula
820 1829 955 1879 accepi
991 1836 1087 1867 tuas.
1147 1829 1303 1868 Atticae
1337 1829 1571 1869 hilaritatem
1606 1830 1646 1868 li-

311 1894 450 1934 benter
470 1894 600 1933 audio.
661 1894 1020 1934 Commotiuneulis
1042 1895 1265 1946 συμπάσχω.

356 2047 448 2081 XII
624 2049 692 2081 Ser.
712 2049 859 2081 Asturae
874 2050 945 2081 xvii
958 2050 1000 2081 K.
1020 2050 1103 2090 Apr.
1125 2061 1154 2081 a.
1176 2059 1235 2090 709
1256 2049 1335 2091 (45).

728 2139 898 2171 CICERO
920 2139 1108 2170 ATTJCO
1130 2138 1237 2171 SAL.
1665 2144 1702 2176 25

370 2231 432 2267 De
453 2230 546 2268 dote
567 2236 677 2268 tanto
699 2228 821 2278 magis
842 2242 1043 2278 perpurga.
1104 2227 1218 2266 Balbi
1246 2227 1345 2278 regia
1376 2226 1561 2266 condicio
1588 2234 1646 2266 est

314 2294 534 2344 delegandi.
594 2296 769 2345 Quoquo
809 2294 930 2331 modo
969 2293 1132 2331 confice.
1191 2294 1324 2343 Turpe
1363 2300 1421 2331 est
1458 2306 1539 2331 rem
1578 2292 1646 2330 im-

717 2400 737 2430 8
761 2397 984 2439 testamento]
1002 2398 1184 2429 Tisameno
1202 2392 1247 2428 Ζὁ
