1827 2798
189 119 298 157 XIV.
318 119 411 157 xvii
710 120 765 156 M.
799 119 967 156 TVLLI
999 118 1306 157 CICERONIS

337 238 423 268 acta
447 243 581 268 verum
612 228 729 267 etiam
760 228 929 278 cogitata
958 241 1196 267 revocamur.
1256 230 1318 266 De
1345 229 1549 274 Montano,
1577 241 1670 278 quo-

337 294 441 331 niam
472 295 649 331 Flamma
675 292 796 339 venit,
819 292 980 331 videbis.
1041 295 1143 330 Puto
1169 306 1250 331 rem
1279 292 1438 331 meliore
1467 294 1556 331 loco
1585 306 1670 331 esse

336 358 490 396 debere.

786 441 929 478 A=ad
952 440 1040 477 fam.
1066 440 1135 477 IX.
1165 453 1222 487 14.

596 526 668 558 Ser.
687 527 721 558 in
739 526 938 568 Pompeiano
954 538 974 558 v
990 526 1076 557 Non.
1090 526 1172 558 Mai.
1192 537 1222 558 a.
1243 536 1300 567 710
1320 528 1404 568 (44W.
1691 529 1706 559 5

546 604 722 635 CICERO
757 604 1070 634 DOLABELLAE
1102 605 1200 636 COS.
1238 603 1327 635 SVO
1361 604 1458 635 SAL.

299 696 316 722 1
390 681 474 720 Etsi
495 689 705 720 contentus
733 696 849 728 eram,
873 681 926 719 mi
950 682 1167 728 Dolabella,
1190 690 1257 719 tua
1282 681 1403 732 gloria
1430 681 1601 731 satisque
1621 695 1667 719 ex

333 760 379 784 ea
409 760 592 797 magnam
622 747 808 785 laetitiam
834 748 1156 796 voluptatemque
1185 747 1404 796 capiebam,
1424 755 1557 785 tamen
1587 760 1666 784 non

332 825 492 861 possum
525 825 606 850 non
641 812 818 850 confiteri
853 812 1041 849 cumulari
1077 826 1140 850 me
1176 811 1345 849 maximo
1379 812 1523 861 gaudio
1557 813 1666 861 quod

330 878 447 926 vulgo
481 877 689 915 hominum
725 876 860 926 opinio
889 876 1041 914 socium
1073 890 1136 915 me
1167 876 1335 915 ascribat
1364 877 1439 914 tuis
1470 876 1662 915 laudibus.
1688 891 1727 912 10

331 941 544 980 Neminem
567 941 734 979 conveni
756 941 968 991 (convenio
988 949 1120 979 autem
1141 941 1286 980 cotidie
1307 941 1506 991 plurimos.
1567 943 1666 980 Sunt

331 1006 436 1044 enim
476 1007 658 1057 permulti
693 1006 832 1056 optimi
866 1006 935 1044 viri
970 1006 1036 1056 qui
1068 1006 1303 1045 valetudinis
1343 1020 1460 1044 causa
1493 1006 1533 1044 in
1568 1007 1665 1045 haec

330 1073 417 1109 loca
438 1071 623 1118 veniant3
652 1079 850 1121 praeterea
880 1085 926 1109 ex
956 1071 1178 1120 municipiis
1209 1072 1432 1121 frequentes
1458 1071 1665 1109 necessarii

331 1136 426 1187 mei)
447 1136 542 1186 quin
564 1150 715 1183 omnes,
736 1149 827 1173 cum
855 1143 892 1173 te
917 1135 1080 1173 summis
1108 1135 1290 1173 laudibus
1311 1137 1361 1174 ad
1387 1137 1539 1174 caelum
1561 1143 1666 1174 extu-

330 1202 467 1248 lerunt,
491 1201 587 1238 mihi
608 1201 798 1239 continuo
819 1200 1007 1238 maximas
1027 1200 1168 1250 gratias
1194 1208 1320 1250 agant.
1382 1202 1537 1250 Negant
1559 1200 1664 1239 enim
1687 1214 1723 1246 15

329 1279 369 1304 se
390 1266 569 1304 dubitare
591 1266 685 1316 quin
708 1274 748 1303 tu
770 1265 866 1303 meis
887 1265 1104 1315 praeceptis
1129 1273 1166 1303 et
1193 1265 1365 1303 consiliis
1387 1265 1664 1315 obtemperans

328 1331 706 1380 praestantissimum
724 1339 761 1369 te
782 1330 906 1368 civem
928 1338 966 1368 et
987 1330 1221 1380 singularem
1240 1332 1443 1368 consulem
1461 1332 1660 1380 praebeas.

283 1404 308 1431 2
329 1396 484 1444 Quibus
524 1410 597 1446 ego
636 1410 877 1446 quamquam
916 1395 1115 1434 verissime
1154 1409 1314 1445 possum
1354 1398 1591 1446 respondere
1626 1405 1663 1436 te

327 1475 427 1511 quae
448 1461 566 1499 facias
594 1469 663 1499 tuo
690 1461 836 1499 iudicio
863 1469 900 1499 et
928 1469 993 1499 tua
1020 1469 1160 1510 sponte
1185 1463 1311 1500 facere
1335 1475 1408 1499 nec
1429 1461 1661 1511 cuiusquam

327 1541 438 1577 egere
459 1526 636 1573 consilio,
661 1533 792 1564 tamen
820 1540 949 1575 neque
977 1528 1092 1575 plane
1119 1526 1329 1573 adsentior⁷
1353 1540 1402 1564 ne
1429 1526 1659 1564 imminuam
1685 1543 1722 1563 20

328 1601 435 1630 tuam
466 1593 623 1630 laudem
655 1591 685 1630 si
715 1591 843 1630 omnis
873 1605 895 1629 a
927 1592 1022 1629 meis
1057 1591 1230 1629 consiliis
1264 1593 1439 1642 profecta
1471 1592 1659 1638 videatur,

329 1671 457 1707 neque
478 1658 591 1695 valde
612 1670 724 1706 nego.
784 1658 878 1695 Sum
903 1656 1009 1694 enim
1039 1656 1188 1694 avidior
1212 1657 1328 1694 etiam
1351 1671 1470 1707 quam
1491 1658 1582 1695 satis
1603 1666 1661 1696 est

328 1722 482 1772 gloriae.
544 1725 593 1760 Et
615 1730 746 1760 tamen
768 1735 847 1759 non
869 1721 1041 1759 alienum
1069 1730 1127 1759 cst
1147 1722 1337 1772 dignitate
1358 1730 1433 1769 tua,
1458 1724 1565 1772 quod
1588 1723 1659 1773 ipsi
1821 1729 1823 1754 l

326 1788 618 1837 Agamemnoni
646 1801 778 1837 regum
805 1787 883 1837 regi
911 1787 981 1825 fuit
1009 1789 1231 1834 honestum,
1255 1788 1399 1826 habere
1426 1788 1597 1838 aliquem
1620 1789 1658 1826 in
1826 1775 1827 1787 ἵ

326 1853 498 1891 consiliis
528 1852 729 1902 capiendis
756 1854 976 1900 Nestorem,
1008 1852 1104 1890 mihi
1128 1866 1219 1890 vero
1246 1852 1458 1902 gloriosum
1488 1861 1526 1891 te
1556 1854 1659 1892 iuve-
1680 1872 1716 1901 25

327 1932 417 1956 nem
448 1919 651 1956 consulem
683 1919 819 1956 florere
848 1917 1031 1956 laudibus
1056 1917 1167 1967 quasi
1195 1919 1399 1955 alumnum
1428 1917 1658 1967 disciplinae

285 1996 309 2034 3
328 1997 448 2022 meae.
510 1985 552 2021 L.
572 1983 733 2033 quidem
756 1984 909 2029 Caesar,
929 1997 1017 2021 cum
1040 1984 1089 2021 ad
1111 1997 1201 2021 eum
1222 1990 1425 2033 aegrotum
1446 1983 1657 2033 Neapolim

373 2098 387 2118 1
413 2087 560 2128 cogitata
585 2099 783 2119 revocamur
820 2089 895 2121 M⁹z
937 2089 1087 2128 cogitare
1112 2099 1271 2119 vocamur
1303 2087 1355 2118 M¹
1473 2099 1492 2127 4
1516 2088 1656 2119 allerum

328 2133 504 2172 meliusque
518 2133 706 2172 exemplum
726 2133 783 2172 (Ns)
806 2134 906 2163 huius
925 2139 971 2174 ep.
989 2133 1153 2163 invenitur
1161 2133 1207 2163 ad
1213 2133 1310 2163 Fam.
1326 2133 1367 2163 ix.
1392 2142 1430 2170 14
1546 2143 1583 2162 12
1599 2133 1655 2171 qui

326 2187 381 2206 om
409 2176 496 2206 codd.
590 2177 674 2207 haec
693 2177 813 2216 locas:
840 2177 892 2207 his
909 2177 991 2207 locis
1004 2177 1032 2207 C
1046 2176 1132 2208 codd.
1149 2187 1177 2208 v.
1190 2187 1212 2208 c.
1307 2186 1344 2214 13
1363 2176 1654 2215 veniantfffrae-

326 2223 374 2249 ter
395 2219 436 2249 H
462 2220 522 2259 qui
551 2222 755 2251 conveniant
788 2220 919 2257 habet):
960 2221 1165 2251 conveniunt
1193 2220 1221 2250 C
1248 2219 1337 2252 codd.
1361 2230 1391 2251 v.
1418 2230 1464 2250 c.:
1502 2220 1651 2258 veniant,

325 2264 531 2294 conveniunt
550 2264 725 2294 Lehmann
872 2274 908 2303 14
934 2264 1212 2305 quinf<praeter
1225 2262 1274 2294 M.
1295 2275 1345 2302 49.
1363 2265 1397 2302 95
1417 2275 1423 2293 :
1447 2264 1503 2302 qui
1521 2262 1609 2295 codd.
1627 2266 1657 2293 et

323 2305 427 2345 M49.
441 2318 461 2346 9
586 2317 624 2346 15
649 2308 799 2348 agants:
825 2313 929 2346 agunt
944 2307 1035 2338 codd.
1176 2309 1214 2337 18
1238 2312 1271 2338 te
1286 2308 1316 2346 f
1333 2309 1471 2347 <praefer
1490 2305 1536 2347 D)
1554 2318 1562 2339 ε
1586 2317 1650 2338 om.
1808 2320 1827 2336 ,ι

322 2348 408 2381 codd.
542 2361 582 2389 24
609 2351 734 2382 habere
754 2350 821 2392 Of:
840 2355 917 2392 post
934 2351 1114 2383 Nestorem
1130 2350 1288 2382 ERsM2:
1313 2361 1379 2381 om.
1400 2349 1455 2380 Ml
1764 2378 1765 2381 ,
