1827 2798
610 153 721 190 EPP.
754 154 830 189 AD
861 152 1120 191 ATTICVM
1438 152 1595 189 XV1.x

202 275 362 308 curam;
409 276 548 311 magna
587 263 692 300 enirn
731 277 790 301 res
829 271 896 301 est.
956 262 1048 301 Tria
1086 269 1176 300 sunt
1214 269 1357 308 autem,
1400 275 1529 299 mane-

201 340 318 364 amne
357 327 495 376 Arpini
534 341 582 365 an
622 328 781 378 propius
819 330 1005 367 accedam
1044 342 1094 366 an
1140 327 1295 366 veniam
1342 329 1524 365 Romam.

203 392 323 439 Quod
358 391 554 429 censueris
589 392 739 430 faciam.
800 394 878 430 Sed
913 406 1031 442 quam
1063 392 1242 443 primum.
1302 391 1430 430 Avide
1469 405 1530 430 ex-

165 471 168 474 *
201 463 338 504 specto
359 464 444 494 tuas
464 456 619 495 litteras.
679 469 718 495 VI
743 459 838 496 Idus
860 471 975 496 mane
995 472 1017 496 e
1038 457 1288 496 Sinuessano.

162 606 180 638 5
243 600 310 635 XI
473 605 541 637 Ser.
563 606 598 637 in
611 605 791 637 Puteolano
808 607 893 637 Non.
913 608 995 638 Nov.
1014 618 1043 638 a.
1067 617 1125 648 710
1144 607 1231 648 (44).

611 693 784 724 CICERO
807 694 988 725 ATTICO
1010 695 1118 726 SAL.

255 782 383 820 Nonis
412 782 547 832 accepi
576 797 598 821 a
632 791 669 821 te
699 785 797 821 duas
827 783 1011 833 epistulas
1046 797 1210 834 quarum
1240 785 1401 822 alteram
1437 784 1525 821 Kal.
1550 792 1566 818 1

200 848 379 895 dederas,
399 849 559 886 alteram
585 848 718 898 pridie.
780 848 901 898 Igitur
930 848 1035 898 prius
1064 850 1115 887 ad
1140 849 1390 898 superiorem.
1450 850 1530 886 No-

200 920 321 949 strum
353 926 451 961 opus
482 912 551 950 tibi
581 913 737 963 probari
767 917 915 961 laetorg
944 927 990 951 ex
1019 927 1099 963 quo
1124 914 1216 962 ἄνθη
1242 913 1326 963 ipsa
1352 912 1526 962 posuisti.

141 990 181 1013 10
201 978 314 1026 Quae
346 977 440 1014 mihi
472 977 694 1016 florentiora
723 986 814 1015 sunt
833 977 915 1016 visa
944 986 1013 1016 tuo
1042 977 1213 1025 iudici03
1243 979 1392 1016 cerulas
1423 977 1527 1015 enim

200 1050 285 1079 tuas
318 1042 540 1080 miniatulas
572 1041 655 1080 illas
686 1042 1000 1080 extimescebam.
1062 1044 1124 1080 De
1159 1042 1271 1080 Sicca
1300 1041 1353 1079 ita
1391 1049 1449 1079 est
1486 1049 1529 1079 ut

200 1107 362 1155 scribis5
391 1108 438 1145 ab
457 1115 540 1145 asta
561 1121 606 1145 ea
625 1121 739 1157 aegre
759 1121 822 1145 me
843 1107 961 1145 tenui.
1006 1109 1146 1156 Itaque
1167 1107 1424 1156 perstringam
1444 1106 1528 1145 sine

200 1173 278 1209 ulla
315 1171 554 1209 contumelia
592 1171 726 1209 Siccae
764 1180 830 1209 aut
870 1171 1092 1221 Septimiae,
1134 1179 1285 1208 tantum
1325 1179 1367 1208 ut
1405 1171 1529 1209 sciant

202 1237 347 1277 6τι-οιῖδες
374 1236 534 1274 παίδων’
556 1235 639 1274 sine
668 1239 806 1288 φαλλῷ
827 1235 1031 1274 Luciliano
1061 1250 1151 1274 eum
1182 1250 1228 1274 ex
1258 1237 1301 1274 C.
1327 1235 1423 1273 Fadi
1451 1235 1529 1273 filia

141 1314 177 1345 15
200 1301 342 1339 liberos
377 1300 571 1338 habuisse.
631 1302 763 1350 Atque
795 1300 944 1338 utinam
979 1314 1071 1339 eum
1105 1300 1211 1339 diem
1241 1300 1395 1338 videam
1435 1313 1526 1338 cum

198 1365 269 1403 ista
305 1364 427 1403 oratio
459 1365 512 1403 ita
542 1365 663 1403 libere
697 1373 856 1415 vagetur
890 1370 935 1402 ut
965 1365 1082 1403 etiam
1115 1364 1153 1402 in
1190 1365 1324 1403 Siccae
1363 1366 1527 1402 domum

198 1430 388 1468 introeat!
446 1431 523 1468 Sed
551 1430 617 1467 illo
638 1437 814 1480 tempore
835 1443 934 1479 opus
961 1438 1020 1468 est
1047 1432 1156 1480 quod
1183 1430 1254 1468 fuit
1281 1430 1353 1467 illis
1376 1429 1525 1467 111viris.

200 1495 347 1532 Moriar
367 1494 440 1532 nisi
462 1496 609 1533 facete!
667 1496 730 1533 Tu
757 1508 849 1534 vero
875 1497 980 1545 leges
1008 1497 1125 1534 Sexto
1155 1495 1317 1545 eiusque
1338 1494 1527 1532 iudicium

198 1560 294 1598 mihi
323 1560 549 1610 perscribeS.
614 1559 699 1601 (Εἲς
726 1562 806 1611 ἐμοὶ
833 1562 979 1611 μύριοι.’
1037 1560 1175 1600 Caleni
1202 1560 1464 1599 interventum
1491 1566 1529 1598 et

139 1643 178 1663 20
199 1627 395 1665 Calvenae
416 1626 582 1664 cavebis.

253 1691 373 1739 Quod
404 1691 545 1729 vereris
578 1706 627 1730 ne
657 1692 866 1743 ἀδόλεσχος
896 1692 992 1729 mihi
1025 1699 1079 1739 tu,
1105 1691 1192 1741 quis
1223 1690 1383 1729 minus?
1436 1690 1524 1737 Cui,
1545 1699 1570 1728 2

198 1765 239 1794 ut
268 1756 523 1806 Aristophani
553 1756 781 1796 Archilochi
811 1757 975 1805 iambus,
1007 1757 1062 1795 sic
1094 1757 1261 1807 epistula
1292 1761 1358 1793 lua
1388 1756 1528 1805 longis-

198 1821 296 1859 sima
316 1835 497 1871 quaeque
518 1822 668 1871 optima
687 1822 850 1861 videtur.
912 1823 1033 1870 Quod
1060 1835 1123 1860 me
1149 1822 1354 1868 admones,
1375 1828 1417 1858 tu
1437 1835 1529 1859 vero

200 1886 317 1924 etiam
350 1885 380 1924 si
414 1888 679 1937 reprenderes,
712 1901 792 1926 non
825 1888 946 1925 modo
980 1886 1092 1925 facile
1126 1894 1277 1936 paterer
1308 1886 1376 1924 sed
1411 1886 1528 1924 etiam

141 1965 179 1996 25
201 1952 374 1999 laetarer,
413 1951 560 2002 quippe
597 1966 688 1990 cum
727 1952 766 1990 in
805 1951 1056 2001 reprensione
1094 1951 1142 1989 sit
1187 1950 1395 2000 prudentia
1438 1964 1527 1989 curn

243 2066 262 2092 4
289 2064 307 2084 e
339 2053 550 2085 Sinuessano
580 2054 790 2095 ll'esenberg:
823 2056 855 2086 in
883 2066 1045 2086 suasseno
1073 2054 1114 2086 M
1244 2064 1265 2092 9
1288 2052 1364 2092 ἄνθη
1386 2053 1528 2086 Lama:

200 2102 280 2128 ante
309 2097 350 2126 M
482 2108 521 2128 10
553 2099 750 2129 florentiora
779 2099 821 2129 C:
856 2100 1009 2129 florentia
1037 2098 1077 2127 M
1210 2108 1248 2127 12
1271 2098 1313 2127 ab
1342 2096 1418 2127 add.
1447 2097 1531 2127 Reid

200 2146 273 2171 asta
297 2151 335 2171 ea
359 2141 394 2180 (i.
410 2152 433 2171 e.
462 2141 556 2171 hasta
577 2153 623 2179 ea,
642 2143 679 2181 cf.
699 2142 838 2182 Prz'apea
858 2152 910 2181 43.
932 2143 965 2181 1)
985 2141 1037 2170 M¹
1061 2141 1206 2171 Gurl'itt:
1231 2142 1325 2171 hasta
1344 2151 1384 2170 ea
1402 2140 1455 2170 M'2
1470 2141 1526 2172 Fr.

200 2184 351 2214 Schmidt
376 2186 450 2223 <qui
468 2183 587 2218 ὀβελὸν
603 2186 785 2215 criticorum
805 2186 967 2224 intellqgt't,
986 2197 991 2215 :
1017 2190 1088 2215 aste
1106 2184 1136 2213 Z
1149 2196 1156 2215 ε
1180 2188 1233 2214 ast
1255 2184 1329 2215 l'z'ct.
1348 2195 1354 2213 ε
1380 2184 1527 2214 Asturae

203 2228 249 2257 C:
273 2239 293 2258 a
316 2228 409 2258 Staia
429 2226 615 2268 Lehmann,
631 2232 705 2269 post
720 2229 882 2269 Madvlg:
908 2240 927 2258 a
953 2229 1056 2258 Fadia
1080 2227 1201 2258 Lamb.
1350 2238 1388 2266 14
1411 2229 1527 2268 φαλλῷ

204 2270 342 2300 Gurlitt:
367 2271 454 2301 vallo
474 2271 562 2302 codd.
585 2283 592 2302 z
616 2273 711 2311 ὕθλῳ,
731 2274 878 2313 φραγμῷ,
897 2272 975 2302 allio
990 2272 1207 2312 (Turnebusw,
1226 2271 1312 2308 sillo,
1337 2271 1424 2308 selle,
1446 2271 1523 2310 bile,

200 2318 228 2343 et
249 2315 314 2344 alia
331 2314 389 2344 alii
530 2317 569 2345 16
592 2320 629 2345 ut
650 2315 726 2347 add.
745 2316 834 2356 vulg.
996 2326 1032 2353 17
1058 2326 1123 2354 quo
1145 2315 1269 2345 suerint
1291 2314 1337 2344 illi
1359 2315 1524 2345 triumviri

204 2356 388 2388 Gronovius
543 2368 582 2397 19
607 2359 723 2390 Caleni
741 2363 836 2390 vem:
862 2359 962 2390 talem
988 2358 1029 2388 M
1159 2369 1198 2389 22
1224 2363 1280 2389 tua
1304 2357 1382 2389 add.
1406 2357 1527 2389 Lamb.

201 2410 242 2440 25
267 2402 311 2432 sit
325 2401 512 2433 Corradus:
536 2407 570 2433 et
582 2402 641 2433 M:
666 2407 756 2434 esset
772 2402 872 2434 Klotz
