1827 2798
141 113 252 151 XVI.
275 112 353 150 viii
660 111 716 146 M.
749 107 917 145 TVLLI
949 105 1257 145 CICERONIS

290 223 520 275 (ἀσφάλειαν
556 221 676 258 habet
714 218 745 257 is
793 217 920 268 locus)
959 216 1135 267 fugiam?
1210 218 1392 262 Romam,
1434 228 1483 253 ne
1523 214 1621 252 desi-

288 289 470 328 deremur
514 286 545 324 si
584 284 680 335 quid
718 291 851 322 actum
889 281 1095 321 videbitur.
1174 283 1268 320 Hoc
1305 280 1420 332 igitur
1457 280 1617 331 explica.

290 355 518 402 Numquam
549 350 589 388 in
619 349 766 388 maiore
796 349 931 399 ἀπορίᾳ
959 347 1023 386 fui.

334 460 401 495 IX
532 460 600 492 Ser.
621 461 653 491 in
671 459 850 491 Puteolano
865 458 946 498 prid.
964 459 1050 489 Non.
1068 457 1153 490 Nov.
1171 469 1201 488 a.
1225 467 1282 497 710
1297 457 1386 498 (44).

706 536 877 567 CICERO
900 534 1082 566 ATTICO
1105 534 1210 565 SAL.
1644 541 1660 572 5

345 611 467 649 Binae
496 623 578 649 uno
607 609 671 648 die
701 607 797 646 mihi
826 608 976 646 litterae
1002 608 1052 646 ab
1080 606 1310 653 Octaviano,
1334 619 1440 644 nunc
1461 605 1621 656 quidem

289 685 330 715 ut
354 678 524 714 Romam
546 674 677 713 statim
698 673 853 712 veniam
872 687 882 721 3
911 674 1010 710 velle
1031 686 1071 711 se
1099 686 1180 710 rem
1207 673 1320 721 agere
1341 685 1409 722 per
1429 678 1620 709 senatum.

290 741 366 781 Cui
387 755 460 790 ego
480 754 561 779 non
588 753 704 790 posse
731 747 909 777 senatum
940 745 1031 776 ante
1061 740 1109 776 K.
1136 740 1302 784 Ianuar.‚
1326 738 1434 786 quod
1462 735 1621 786 quidem

291 807 344 845 ita
373 807 501 845 credo.
562 807 634 844 Ille
663 812 796 843 autern
824 803 936 842 addit
969 803 1155 842 ‘consilio
1186 804 1278 841 tuo.'
1337 801 1446 850 Quid
1473 803 1625 839 multa?

291 872 355 910 ille
376 879 494 921 urget,
518 884 591 921 ego
611 877 742 908 autem
765 870 989 919 σκήπτομαι.
1042 870 1135 907 Non
1156 869 1317 906 confido
1337 866 1468 915 aetati,
1488 866 1624 916 ignoro
1648 881 1684 901 10

292 950 372 987 quo
400 936 545 974 animo.
605 935 673 973 Nil
704 934 788 973 sine
821 936 948 972 Pansa
982 942 1050 972 tuo
1084 935 1185 972 volo.
1244 935 1392 971 Vereor
1422 945 1471 970 ne
1499 933 1625 969 valeat

292 1002 490 1041 Antonius
530 1014 603 1040 nec
633 1015 656 1039 a
689 999 785 1038 mari
820 1000 1022 1038 discedere
1062 999 1156 1037 libet
1196 1006 1234 1037 et
1268 1006 1402 1036 metuo
1436 1011 1486 1035 ne
1525 1010 1626 1046 quae

292 1069 459 1119 ἀριστεία
489 1081 551 1105 me
580 1068 754 1105 absente.
815 1064 982 1103 Varroni
1012 1064 1173 1115 quidem
1206 1063 1386 1114 displicet
1417 1062 1625 1101 consilium

293 1133 412 1184 pueri,
446 1132 541 1170 mihi
570 1146 662 1170 non.
723 1130 762 1169 Si
797 1132 926 1168 firmas
961 1129 1095 1180 copias
1126 1130 1258 1176 habet,
1286 1131 1451 1166 Brutum
1481 1128 1625 1165 habere

293 1206 435 1249 potest,
457 1206 494 1236 et
524 1211 605 1236 rem
635 1196 731 1246 gerit
761 1196 901 1246 palam.
963 1194 1167 1235 Centuriat
1195 1196 1366 1244 Capuae,
1390 1193 1622 1231 dinumerat.
1649 1204 1685 1236 15

295 1265 379 1302 Iam
420 1263 576 1312 iamque
615 1261 732 1299 video
771 1262 929 1299 bellurn.
1000 1260 1065 1298 Ad
1104 1260 1201 1298 haec
1240 1258 1418 1297 rescribe.
1487 1259 1625 1296 Tabel-

293 1328 431 1366 larium
467 1341 600 1365 meum
636 1327 805 1364 Kalend.
841 1327 972 1364 Roma
1005 1326 1225 1375 profectum
1259 1323 1343 1362 sine
1377 1322 1453 1361 tuis
1492 1322 1626 1361 litteris

295 1407 421 1432 miror.

340 1503 382 1538 X
559 1504 628 1535 Ser.
645 1505 679 1534 in
696 1503 901 1535 Sinuessano
918 1504 951 1534 vi
964 1503 1013 1535 Id.
1034 1502 1115 1534 Nov.
1136 1514 1166 1534 a.
1187 1513 1244 1543 710
1263 1502 1354 1545 (44).

712 1581 883 1613 CICERO
905 1581 1085 1612 ATTICO
1108 1579 1214 1612 SAL.
1650 1591 1689 1612 20

261 1674 278 1702 1
352 1669 408 1695 Vll
435 1657 493 1694 Id.
518 1655 606 1694 veni
635 1656 686 1693 ad
716 1669 779 1693 me
809 1655 849 1692 in
880 1654 1172 1693 Sinuessanum.
1233 1653 1387 1692 Eodem
1418 1653 1483 1692 die
1512 1654 1629 1703 vulgo

297 1722 560 1772 loquebantur
605 1720 824 1758 Antonium
864 1733 1091 1757 mansurum
1127 1733 1211 1758 esse
1256 1719 1428 1758 Casilini.
1489 1720 1629 1768 Itaque

299 1786 445 1825 mutavi
484 1785 717 1833 consilium3
761 1793 969 1823 statueram
1007 1785 1111 1823 enim
1144 1793 1249 1823 recta
1280 1784 1410 1835 Appia
1444 1786 1626 1822 Romam.

300 1852 430 1891 Facile
465 1865 527 1889 me
561 1851 625 1889 ille
659 1859 761 1889 esset
791 1852 1013 1889 adsecutus.
1074 1849 1196 1888 Aiunt
1230 1850 1335 1888 enim
1368 1864 1458 1888 eum
1491 1850 1630 1888 Caesa-
1825 1853 1827 1907 j

300 1918 406 1956 riana
427 1917 482 1955 uti
503 1916 710 1955 celeritate.
769 1915 878 1954 Verti
909 1915 1023 1966 igitur
1049 1930 1112 1954 me
1138 1930 1161 1954 a
1189 1915 1411 1955 Menturnis
1436 1915 1629 1966 Arpinum
1653 1930 1690 1961 25

301 1996 443 2022 versus.
504 1982 796 2022 Constitueram
827 1990 868 2020 ut
890 1994 913 2019 v
936 1983 1031 2020 Idus
1061 1990 1127 2019 aut
1158 1981 1305 2031 Aquini
1336 1995 1536 2020 manerem
1565 1989 1631 2018 aut

259 2060 282 2086 2
303 2048 341 2086 in
363 2050 530 2086 Arcano.
590 2050 720 2095 Nunc,
744 2047 797 2085 mi
818 2047 960 2094 Attice,
984 2055 1065 2085 tota
1095 2055 1227 2086 mente
1248 2047 1434 2085 incumbe
1461 2046 1500 2084 in
1530 2048 1632 2084 hanc

349 2162 363 2183 1
390 2152 501 2191 fugio?
530 2151 622 2182 Malo
643 2153 786 2182 Romam
800 2152 878 2182 coni.
897 2151 1002 2182 Boot:
1028 2152 1224 2189 Romamne,
1239 2162 1281 2181 ne
1294 2150 1379 2182 Reid
1491 2160 1528 2190 14
1554 2161 1632 2180 non.

304 2197 353 2227 Si.
386 2207 449 2226 v.c.
486 2190 529 2224 Zb
563 2195 676 2226 Crat.:
717 2206 784 2226 non
815 2199 891 2227 ΣΔῑ
927 2206 995 2225 ηοη
1034 2196 1082 2226 sic
1118 2196 1205 2225 Boot
1353 2205 1394 2234 24
1428 2195 1633 2225 Caesariana

304 2240 402 2270 Rom.
422 2251 428 2270 ε
454 2239 638 2269 Caesarina
654 2239 742 2270 codd.
899 2250 939 2278 25
964 2239 1101 2270 Vertam
1121 2237 1310 2278 PVeseubmg
1442 2238 1634 2268 Menturnis

304 2282 391 2313 codd.
415 2295 421 2313 :
448 2283 546 2313 Mint-
572 2283 674 2323 vulg„
701 2284 737 2321 cf.
765 2282 842 2315 adn.
870 2282 917 2314 ad
937 2293 967 2314 v.
1000 2293 1025 2313 1.
1055 2293 1074 2322 5
1165 2293 1204 2322 27
1230 2282 1343 2313 Attice
1367 2287 1436 2313 tota
1458 2286 1571 2312 mente
1593 2281 1631 2311 J:

305 2330 486 2357 AHIEETO
504 2332 615 2357 tamen
634 2332 666 2356 te
685 2326 726 2356 M
