1827 2798
131 918 168 940 10

596 174 707 210 EPP.
740 174 817 210 AD
848 172 1106 211 ATTICVM
1487 174 1556 210 XI.

192 289 298 322 terea
318 283 524 330 videbitur,
548 283 665 322 etiam
688 284 850 322 Servilio
881 284 1116 331 conscribas,
1140 292 1182 322 ut
1213 283 1282 322 tibi
1312 284 1516 329 videbitur,

193 361 281 386 meo
302 348 473 387 nomine.
534 350 655 397 Quod
684 357 792 387 tanto
822 348 1024 386 intervallo
1049 349 1145 386 nihil
1176 349 1339 387 omnino
1368 350 1418 387 ad
1448 363 1516 387 vos

190 412 336 462 scripsi,
359 412 419 451 his
438 413 573 450 litteris
594 414 771 462 profecto
796 413 988 463 intellegis
1012 427 1092 451 rem
1118 413 1213 450 mihi
1235 414 1347 452 desse
1368 414 1418 451 de
1439 427 1516 463 qua

189 476 372 524 scribam,
393 491 473 514 non
494 479 747 515 voluntatem.

244 542 364 589 Quod
385 543 434 579 de
456 541 616 580 Vatinio
646 543 809 592 quaeriS‚
833 557 961 593 neque
991 543 1092 581 illius
1122 557 1251 593 neque
1280 543 1509 593 cuiusquam
1531 553 1556 589 4

189 604 285 642 mihi
315 614 512 655 praeterea
542 607 713 645 officium
748 609 890 654 desset,
919 607 949 645 si
982 607 1147 657 reperire
1178 616 1337 657 possent
1368 621 1444 657 qua
1475 607 1511 644 in

188 682 228 706 re
257 682 320 707 me
352 670 537 708 iuvarent.
597 671 770 719 Quintus
800 671 1045 710 aversissimo
1078 685 1101 709 a
1136 685 1198 709 me
1227 671 1360 709 animo
1392 671 1513 709 Patris

188 733 269 771 fuit.
331 736 484 773 Eodem
507 736 677 785 Corcyra
699 736 799 774 filius
820 736 936 775 venit.
998 737 1098 775 Inde
1119 737 1315 787 profectos
1345 749 1412 774 eos
1437 749 1514 774 una

187 812 279 836 cum
300 799 437 837 ceteris
457 800 631 838 arbitror.

231 908 298 943 VI
508 913 578 944 Ser.
596 913 804 944 Brunds'siiv
819 914 863 944 K.
885 914 958 945 Dec.
976 925 1006 945 α.
1029 916 1088 954 706
1107 915 1192 956 (48).

461 999 635 1029 CICERO
660 998 831 1029 ATTICO
857 999 1070 1029 SALVTEM
1100 999 1235 1030 DICIT.

239 1076 456 1115 Sollicitum
478 1089 563 1113 esse
591 1083 627 1113 te
655 1089 744 1113 cum
773 1076 822 1113 de
851 1075 927 1113 tuis
957 1075 1316 1125 communibusque
1346 1076 1509 1114 fortunis
1530 1089 1546 1115 1

185 1150 267 1179 turn
291 1140 457 1178 maxime
479 1141 528 1178 de
550 1154 612 1177 me
632 1153 677 1177 ac
699 1141 748 1178 de
772 1141 908 1178 dolore
930 1153 1019 1178 meo
1040 1139 1177 1178 sentio.
1238 1139 1317 1188 Qui
1348 1140 1508 1189 quidem

185 1219 294 1244 meus
334 1207 447 1244 dolor
485 1219 565 1243 non
605 1206 726 1243 modo
765 1218 846 1242 non
885 1204 1072 1242 minuitur
1111 1218 1201 1242 cum
1242 1204 1392 1242 socium
1436 1204 1509 1243 sibi

146 1281 162 1311 5
182 1269 359 1319 adiungit
389 1271 566 1308 dolorem
597 1277 708 1307 tuum
742 1270 813 1307 sed
844 1268 962 1307 etiam
996 1277 1168 1319 augetur.
1228 1269 1405 1308 Omnino
1439 1284 1509 1320 pro

183 1343 248 1373 tua
268 1335 475 1385 prudentia
497 1334 616 1373 sentis
637 1348 715 1384 qua
731 1334 1000 1373 consolatione
1021 1334 1137 1372 levari
1159 1334 1326 1372 maxime
1347 1335 1505 1384 possim.

184 1403 329 1440 Probas
350 1402 454 1440 enim
484 1416 615 1440 meum
638 1401 845 1440 consilium
866 1414 1064 1450 negasque
1086 1400 1181 1438 mihi
1202 1400 1412 1450 quicquam
1443 1403 1507 1440 tali

181 1475 356 1516 tempore
386 1467 516 1516 potius
546 1467 770 1505 faciendum
794 1466 923 1504 fuisse.
982 1465 1109 1504 Addis
1134 1465 1251 1504 etiam
1280 1466 1404 1516 (quod
1435 1468 1504 1505 etsi

181 1531 275 1569 mihi
296 1531 417 1570 levius
443 1540 500 1570 est
528 1546 646 1581 quam
678 1539 788 1569 tuum
819 1530 1020 1577 iudicium,
1043 1538 1175 1569 tamen
1206 1544 1285 1569 non
1317 1540 1373 1569 est
1404 1533 1504 1578 leve)

126 1611 136 1623 ³
179 1596 316 1634 ceteris
337 1610 506 1646 quoque,
530 1597 569 1635 id
596 1605 655 1634 est
685 1596 751 1646 qui
776 1598 932 1646 pondus
953 1596 1136 1643 habeant,
1159 1597 1304 1634 factum
1327 1606 1502 1635 nostrum

178 1660 343 1711 probari.
422 1663 469 1699 Id
509 1661 539 1698 si
579 1660 631 1698 ita
669 1669 858 1711 putarem,
894 1661 1016 1699 levius
1055 1662 1240 1699 dolerem.
1332 1663 1545 1701 ‘Crede'2

178 1726 306 1776 inquis
341 1727 482 1764 ‘mihil
570 1728 701 1765 Credo
749 1726 934 1776 equidem
978 1727 1047 1764 sed
1086 1726 1168 1764 scio
1206 1740 1324 1776 quarn
1368 1728 1502 1777 cupias

178 1791 301 1828 minui
328 1792 504 1830 dolorem
530 1805 673 1829 meum.
735 1793 803 1829 Me
824 1791 1049 1830 discessisse
1069 1792 1119 1829 ab
1139 1791 1256 1830 armis
1286 1806 1501 1842 numquam

178 1856 378 1906 paenituit.
437 1859 567 1895 Tanta
587 1865 667 1895 erat
688 1856 728 1894 in
753 1856 826 1894 illis
847 1857 1066 1903 crudelitas,
1090 1864 1198 1895 tanta
1218 1871 1308 1895 cum
1331 1858 1501 1896 barbaris

141 1921 358 1971 §gentibus
379 1922 606 1960 coniunctio
636 1930 678 1960 ut
705 1936 785 1960 non
812 1922 1045 1960 nominatim
1077 1923 1146 1960 sed
1175 1922 1388 1972 generatim
1418 1937 1502 1973 pro-

177 1985 335 2035 scriptio
356 1994 456 2024 esset
477 1986 697 2033 informata,
718 1994 759 2024 ut
780 1986 856 2024 iam
878 1987 1055 2025 omnium
1078 1986 1224 2025 iudicio
1245 1987 1500 2026 constitutum

176 2058 277 2087 esset
306 2050 484 2088 omnium
513 2058 685 2088 vestrum
714 2051 820 2089 bona
846 2052 1031 2101 praedam
1060 2065 1144 2090 esse
1174 2051 1274 2089 illius
1305 2052 1497 2091 victoriae.

177 2116 404 2152 ‘Vestrum'
449 2117 564 2164 plane
603 2115 718 2162 dico3
759 2129 976 2165 numquam
1016 2116 1120 2154 enim
1156 2118 1205 2154 de
1245 2124 1281 2154 te
1311 2116 1396 2166 ipso
1426 2117 1499 2154 nisi

174 2179 442 2218 crudelissime
474 2180 686 2230 cogitatum
720 2187 789 2218 est.
860 2182 950 2229 Qua
981 2194 1020 2219 re
1054 2181 1265 2219 voluntatis
1296 2195 1357 2220 me
1388 2195 1498 2220 meae

220 2292 232 2311 1
260 2283 427 2313 videbitur
443 2307 451 2315 .
469 2307 475 2314 .
490 2307 497 2313 .
518 2287 553 2313 ut
573 2293 636 2313 om.
658 2282 700 2312 W
838 2294 857 2322 3
881 2284 1013 2323 scripsi,
1034 2284 1086 2314 his
1116 2284 1328 2325 Ill-sembetg:
1361 2286 1497 2325 scriptis

178 2325 342 2357 Wcodd.2
371 2326 497 2365 scripti,
522 2327 574 2356 his
599 2326 704 2357 Reid:
737 2326 867 2366 scripsi,
893 2327 945 2357 his
971 2328 1066 2358 lectis
1094 2327 1215 2358 Gm-litt
1318 2329 1497 2368 intelleges

177 2369 364 2409 lVeseuberg
451 2380 467 2408 7
493 2370 705 2400 acerbissimo
727 2369 772 2398 W
857 2380 889 2400 11
911 2381 1001 2400 meir
1018 2370 1122 2401 MW:
1146 2382 1212 2402 om.
1233 2372 1280 2402 Os
1372 2383 1407 2411 14
1433 2374 1495 2403 sibi

178 2411 378 2442 WRPsM‘J:
407 2413 461 2443 tibi
481 2412 572 2443 M'O
704 2424 739 2451 17
765 2414 941 2453 quicquam
959 2414 1121 2445 RPsM⁴22
1147 2415 1224 2446 huic
1242 2426 1340 2454 quam
1364 2416 1495 2446 lt'0M1

174 2465 214 2493 23
238 2457 343 2486 minui
364 2456 568 2487 O²RP5M22
592 2457 702 2487 minus
724 2456 866 2487 WO¹M=
1074 2468 1116 2497 29
1139 2463 1190 2489 est
1207 2460 1292 2500 vulg.
1312 2472 1318 2490 ε
1344 2460 1370 2490 si
1389 2459 1496 2491 MW:

173 2499 263 2529 sensi
281 2499 319 2529 M
337 2500 475 2540 (marg.)
497 2499 610 2530 ORPs
698 2511 750 2530 me
767 2511 831 2532 om.
852 2500 898 2530 W

1582 184 1610 209 V
