1827 2798
207 140 255 176 X.
278 138 325 175 iv
665 137 720 174 M.
753 135 921 173 TVLLI
954 134 1261 173 CICERONIS

240 259 284 287 12

270 904 286 930 1

264 1033 288 1060 2

359 251 419 287 Tu
443 248 595 299 Oppios
616 246 825 286 Terentiae
849 245 1059 296 delegabis.
1120 247 1205 283 Iam
1232 245 1338 284 enim
1358 244 1465 284 urbis
1485 258 1630 283 vanum

303 313 519 364 periculum
541 319 609 350 est.
668 313 737 350 Me
758 319 889 349 tamen
912 310 1077 349 consilio
1098 310 1196 357 iuva,
1220 310 1440 361 pedibusne
1461 310 1631 360 Regium

302 392 353 416 an
384 377 476 415 hinc
511 376 641 415 statim
677 375 717 413 in
749 389 900 422 navem,
933 383 971 414 et
1005 383 1143 423 cetera,
1173 375 1361 425 quoniam
1395 388 1630 414 commoror.

304 445 389 492 Ego
418 443 469 481 ad
499 450 537 480 te
568 439 733 493 [statim]
765 441 923 479 habebo
953 441 1062 490 quod
1092 439 1259 478 scribam
1290 440 1406 478 simul
1435 447 1473 479 et
1496 439 1632 477 videro

304 507 530 547 Curionem.
592 508 654 544 De
684 505 832 545 Tirone
861 519 963 553 cura,
987 518 1149 556 quaeso,
1170 506 1279 555 quod
1308 504 1413 552 facis,
1440 511 1482 543 ut
1511 503 1632 542 sciam
1655 517 1672 551 5

303 572 400 623 quid
421 571 452 610 is
471 579 569 622 agat.

346 719 388 754 V
596 721 664 754 Scr.
685 722 719 753 in
739 722 893 753 Cumano
908 733 952 754 xv
968 722 1009 753 K.
1030 721 1111 754 Mai.
1130 733 1159 754 ct.
1183 732 1237 761 705
1257 720 1343 763 (49).

717 810 890 843 CICERO
913 810 1093 842 ATTICO
1115 810 1222 842 SAL.

361 893 422 930 De
443 898 525 929 tota
546 903 634 929 mea
654 889 891 940 cogitatione
916 889 1051 939 scripsi
1071 890 1123 927 ad
1144 896 1181 927 te
1201 896 1317 927 antea
1344 887 1446 935 satis,
1470 895 1513 926 ut
1539 887 1633 926 mihi

306 957 411 995 visus
432 970 529 1003 sum,
553 955 768 1006 diligenter.
830 957 891 994 De
912 954 976 993 die
997 954 1094 992 nihil
1121 967 1214 993 sane
1242 961 1371 1003 potest
1399 952 1515 991 scribi
1542 952 1633 990 certi
1660 968 1697 989 10

308 1030 458 1072 praeter
485 1023 571 1068 hoc,
595 1035 676 1059 non
703 1028 794 1059 ante
824 1022 957 1058 lunam
985 1033 1138 1058 novam.
1200 1019 1383 1059 Curionis
1413 1031 1541 1057 sermo
1572 1031 1637 1067 po-

307 1086 440 1125 stridie
474 1087 641 1124 eandem
676 1085 815 1124 habuit
853 1087 932 1124 fere
971 1098 1177 1130 summam,
1211 1084 1285 1122 nisi
1320 1085 1428 1134 quod
1466 1082 1637 1133 apertius

307 1151 536 1202 significavit
564 1164 605 1189 se
632 1152 770 1188 harum
798 1164 926 1189 rerum
954 1150 1101 1189 exitum
1129 1163 1210 1188 non
1235 1149 1378 1188 videre.

361 1217 483 1265 Quod
531 1215 627 1253 mihi
666 1216 831 1253 mandas
870 1216 920 1253 de
961 1214 1112 1263 Quinto
1160 1215 1343 1263 regendo,
1386 1213 1637 1264 ‘’Apxassi'av'.

307 1284 461 1320 Tamen
500 1280 596 1318 nihil
635 1279 952 1331 praetermittam.
1023 1281 1156 1329 Atque
1195 1279 1344 1317 utinam
1384 1287 1425 1317 tu
1463 1303 1526 1326 —‚
1568 1279 1637 1316 sed

309 1346 510 1385 molestior
530 1360 611 1384 non
632 1359 709 1383 ero.
770 1345 989 1394 Epistulam
1017 1346 1068 1383 ad
1089 1344 1315 1382 Vestorium
1343 1344 1474 1382 statim
1501 1343 1636 1390 detuli,

267 1426 291 1462 3
309 1425 354 1450 ac
383 1412 497 1450 valde
526 1410 720 1460 requirere
750 1411 912 1448 solebat.
977 1409 1240 1449 Commodius
1270 1417 1401 1448 tecum
1431 1408 1638 1448 Vettienus

309 1484 367 1516 est
397 1478 550 1515 locutus
581 1489 700 1525 quam
730 1476 781 1513 ad
811 1488 874 1513 me
904 1474 1118 1525 scripserat.
1179 1476 1257 1513 Sed
1292 1474 1421 1513 mirari
1451 1475 1542 1513 satis
1572 1476 1639 1512 ho-

308 1542 424 1581 minis
445 1541 732 1592 neglegentiam
754 1554 834 1579 non
857 1554 970 1590 queo.
1032 1542 1135 1580 Cum
1157 1541 1262 1579 enim
1285 1541 1381 1579 mihi
1404 1540 1638 1579 Philotimus

307 1607 467 1647 dixisset
488 1621 528 1645 se
547 1608 617 1645 HS
635 1610 658 1644 i
679 1620 808 1645 emere
826 1608 875 1644 de
893 1607 1087 1646 Canuleio
1103 1607 1369 1645 deversorium
1391 1607 1487 1645 illud
1509 1619 1634 1656 posse,
1660 1620 1673 1640 2

309 1672 470 1711 minoris
491 1672 608 1711 etiam
630 1679 855 1721 empturum
882 1672 913 1710 si
934 1673 1164 1711 Vettienum
1193 1686 1401 1721 rogassem,
1425 1671 1555 1721 rogavi
1582 1679 1635 1717 ut,

309 1738 341 1777 si
362 1737 456 1788 quid
478 1745 622 1787 posset,
645 1751 691 1775 ex
712 1751 757 1775 ea
778 1751 933 1776 summa
953 1739 1184 1777 detraheret.
1242 1737 1435 1776 Promisit.
1491 1738 1555 1775 Ad
1577 1750 1639 1774 mc

309 1817 434 1853 nuper
454 1817 494 1841 se
518 1804 587 1841 HS
606 1805 698 1840 W
724 1803 891 1851 emisse;
920 1811 963 1842 ut
992 1804 1202 1842 scriberem
1230 1803 1293 1841 cui
1313 1805 1453 1842 vellem
1483 1802 1613 1840 addici
1633 1816 1640 1845 ;

310 1868 415 1906 diem
463 1868 654 1918 pecuniae
696 1870 791 1907 Idus
832 1870 1045 1907 Novembr.
1087 1883 1182 1907 esse.
1254 1868 1452 1918 Rescripsi
1491 1868 1526 1906 ei
1565 1875 1640 1905 sto-

311 1933 533 1972 machosius
560 1947 651 1971 curn
676 1934 765 1972 ioco
792 1942 925 1972 tamen
952 1933 1140 1972 familiari.
1201 1935 1318 1972 Nunc
1346 1933 1534 1983 quoniam
1560 1933 1637 1982 agit
1661 1946 1674 1966 2

356 2047 368 2067 1
396 2036 526 2076 Oppios
557 2037 653 2068 Viciu
691 2038 838 2077 optimos
866 2037 908 2067 M
1001 2037 1173 2075 dclegabis
1198 2038 1273 2068 coni
1303 2036 1510 2076 l'Vcsenbcrg:
1546 2036 1639 2067 dabis

310 2080 351 2111 M
436 2091 558 2110 vanum
576 2081 680 2112 Boot:
705 2092 807 2112 unum
826 2081 909 2111 codd
930 2093 935 2111 :
962 2081 1087 2111 nullum
1106 2080 1206 2111 Pius:
1224 2081 1304 2120 sort.
1326 2081 1499 2111 minimum
1619 2091 1639 2119 3

309 2128 423 2155 cetera
441 2125 481 2154 M
496 2126 550 2165 (sc.
570 2125 681 2164 scribe)
699 2136 705 2155 z
731 2130 822 2156 recta
842 2126 941 2155 Orelli
1026 2124 1202 2165 quoniam]
1223 2135 1288 2163 quo
1306 2125 1370 2154 iam
1390 2124 1492 2155 Orelli
1620 2135 1638 2162 4

309 2169 420 2198 statim
438 2178 476 2198 cx
487 2170 641 2209 proximo
658 2169 825 2207 inrepsisse
840 2168 921 2198 vidit
934 2167 1056 2199 Scln'itz
1202 2167 1299 2198 simul
1317 2172 1351 2198 et
1370 2168 1410 2197 M
1413 2167 1464 2206 ¹Z,
1484 2167 1520 2206 cf.
1539 2178 1569 2197 Χ.
1588 2169 1636 2197 16.

310 2224 339 2249 4.
358 2213 420 2242 xvi.
441 2222 488 2243 11.
502 2215 523 2242 6
539 2216 567 2243 et
583 2212 668 2242 Rcid
681 2212 836 2242 adAcnd.
854 2213 886 2243 ii.
902 2223 939 2251 51
959 2224 965 2243 ε
990 2212 1089 2243 simul
1108 2216 1142 2242 ut
1160 2212 1213 2241 Μ2
1228 2212 1324 2243 Rom.
1341 2211 1363 2241 I
1451 2222 1487 2249 14
1511 2211 1639 2249 Quinto

314 2255 411 2286 Vter:
445 2257 590 2295 quodam
616 2255 653 2285 M
790 2258 828 2286 16
852 2256 1026 2286 molestior
1046 2255 1142 2286 Vim:
1181 2255 1367 2286 modestior
1391 2254 1478 2286 codd.
1581 2265 1639 2284 cro

312 2299 398 2339 vulg.
418 2312 424 2330 z
450 2310 510 2339 pro
529 2299 569 2328 M
677 2310 719 2329 20
742 2310 779 2329 se
800 2300 859 2330 HS
879 2299 999 2330 Orelli:
1024 2310 1100 2329 esse
1118 2298 1159 2328 M
1278 2310 1318 2337 24
1343 2299 1374 2329 ei
1393 2297 1639 2328 stomacliosius

313 2341 427 2372 Mam:
463 2348 496 2373 et
522 2343 709 2373 istomacho
736 2343 763 2373 si
789 2343 838 2373 vis
864 2343 898 2383 C,
918 2347 946 2373 et
960 2344 1031 2382 sere
1057 2343 1143 2373 idem
1163 2341 1296 2373 0¹RP:
1329 2347 1363 2373 et
1387 2342 1452 2372 isto
1478 2341 1588 2372 madio
1612 2341 1638 2372 si

312 2387 362 2416 vis
387 2385 475 2416 O2M
