1827 2798
165 143 260 181 XII.
283 142 315 180 li
659 143 715 180 M.
746 141 915 179 TVLLI
946 127 1253 180 CICERONIS

332 272 393 307 LI
567 271 636 304 Scr.
655 273 689 303 2⁶11
711 272 897 304 Tusculano
912 272 974 304 xiii
985 272 1030 303 K.
1046 272 1125 304 Iun.
1143 283 1172 303 a.
1193 282 1252 314 709
1271 272 1352 315 (45).

696 360 869 392 CICERO
900 360 1083 392 ATTICO
1113 359 1222 399 ΒΑΔ,

251 460 270 489 1
341 451 531 490 Tironem
552 451 682 490 habeo
703 450 817 489 citius
839 464 958 500 quam
979 450 1151 489 verebar.
1192 449 1313 489 Venit
1333 449 1451 488 etiam
1472 449 1618 498 Nicias,

287 524 325 555 et
364 515 566 554 Valerium
605 515 726 554 hodie
763 515 976 554 audiebam
1015 528 1100 553 esse
1138 522 1357 553 venturum,
1428 515 1620 563 Quamvis

287 581 399 619 multi
421 580 511 628 sint,
533 580 654 630 magis
675 588 807 618 tamen
828 593 894 618 ero
915 582 1021 618 solus
1042 593 1162 629 quam
1189 578 1221 617 si
1244 593 1345 617 unus
1366 592 1482 617 esses.
1542 580 1620 618 Sed
1640 592 1658 623 5

288 653 473 696 exspecto
498 653 545 691 te,
569 658 592 683 a
616 646 825 683 Peducaeo
853 644 999 694 utique,
1024 652 1065 682 tu
1090 651 1222 682 autem
1247 643 1442 694 significas
1471 643 1621 694 aliquid

288 709 406 748 etiam
427 717 528 748 ante.
588 711 737 748 Verum
758 709 799 748 id
819 708 981 759 quidem
1001 716 1045 747 ut
1065 707 1221 759 poteris.

246 787 270 814 2
344 777 406 814 De
427 775 611 825 Vergilio,
639 782 682 813 ut
708 775 855 814 scribis.
916 776 1010 813 Hoc
1037 782 1170 813 tamen
1196 773 1314 812 velim
1338 774 1436 813 scire
1460 775 1621 824 quando

287 841 428 879 auctio.
491 840 711 891 Epistulam
742 842 793 879 ad
825 841 1035 880 Caesarem
1067 839 1168 878 mitti
1201 838 1318 878 video
1349 838 1420 878 tibi
1453 841 1618 889 placere.

290 905 398 954 Quid
420 905 573 955 quaeris
587 908 604 943 ?
633 905 728 943 mihi
749 919 909 955 quoque
929 906 1007 944 hoc
1031 904 1137 943 idem
1159 903 1328 942 maxime
1348 904 1493 954 placuit
1514 912 1552 942 et
1572 917 1620 943 eo
1641 918 1681 941 10

288 970 411 1020 magis
433 972 541 1020 quod
568 970 666 1008 nihil
692 978 750 1010 est
777 970 817 1008 in
844 984 890 1008 ea
916 969 990 1008 nisi
1017 969 1156 1020 optimi
1177 968 1282 1017 civis,
1305 970 1375 1007 sed
1402 968 1455 1006 ita
1481 968 1620 1019 optimi

289 1044 331 1074 ut
369 1044 571 1086 tempora3
613 1036 757 1086 quibus
795 1049 930 1086 parere
964 1049 1102 1074 omnes
1139 1037 1326 1074 πολιτικοὶ
1362 1034 1617 1085 praecipiunt.

290 1102 368 1139 Sed
400 1101 474 1139 scis
506 1101 558 1139 ita
592 1101 707 1140 nobis
741 1115 826 1140 esse
860 1101 986 1139 visum
1026 1108 1068 1139 ut
1101 1100 1165 1139 isti
1193 1108 1285 1139 ante
1314 1102 1496 1150 legerent.
1556 1101 1620 1138 Tu

289 1165 404 1216 igitur
424 1166 464 1204 id
485 1165 649 1204 curabis.
710 1167 787 1204 Sed
813 1165 886 1204 nisi
910 1167 1026 1216 plane
1053 1165 1098 1203 iis
1126 1165 1326 1216 intelleges
1348 1166 1513 1215 placere,
1536 1164 1620 1203 mit-

289 1232 410 1269 tenda
429 1244 510 1269 non
531 1238 600 1269 est.
661 1232 709 1269 Id
735 1238 867 1269 autem
894 1238 1025 1268 utrum
1046 1229 1100 1268 illi
1121 1230 1291 1269 sentiant
1311 1243 1415 1268 anne
1435 1230 1620 1269 simulent
1645 1243 1679 1274 15

290 1302 331 1333 tu
379 1295 591 1345 intelleges.
670 1295 773 1333 Mihi
820 1294 1019 1333 simulatio
1063 1308 1134 1345 pro
1172 1295 1446 1345 repudiatione
1493 1295 1618 1334 fuerit.

288 1364 406 1399 Τοῦτο
435 1361 473 1399 δὲ
500 1361 674 1411 μηλώσῃ.

248 1433 272 1470 3
345 1427 407 1463 De
422 1425 613 1465 Caerellia
633 1424 729 1475 quid
750 1424 821 1462 tibi
842 1426 1013 1474 placeret
1032 1424 1127 1463 Tiro
1144 1424 1240 1463 mihi
1256 1424 1445 1472 narravit5
1475 1425 1621 1464 debere

290 1504 370 1529 non
391 1504 476 1529 esse
497 1490 697 1540 dignitatis
718 1504 839 1536 meae,
863 1489 1187 1540 perscriptionem
1208 1490 1279 1529 tibi
1300 1492 1453 1541 placere
1470 1505 1477 1528 z

424 1557 434 1574 ‘
453 1557 546 1593 Hoc
576 1555 760 1601 me'tuere,
791 1557 957 1593 alterum
988 1557 1027 1594 1'n
1058 1564 1165 1594 metu
1196 1569 1275 1594 non
1306 1556 1477 1605 ponere]
1641 1569 1680 1591 20

290 1621 368 1658 Sed
389 1628 427 1658 et
447 1621 545 1659 haec
566 1628 605 1658 et
626 1622 748 1658 multa
767 1620 843 1658 alia
864 1634 1008 1659 coram.
1072 1620 1311 1659 Sustinenda
1332 1628 1474 1667 tamen,
1498 1619 1530 1658 si
1550 1619 1620 1658 tibi

290 1684 495 1732 videbitur,
519 1684 663 1723 solutio
683 1692 741 1723 est
762 1685 934 1724 nominis
955 1685 1189 1725 Caerelliani
1209 1687 1305 1724 dum
1326 1694 1364 1724 et
1385 1687 1435 1725 de
1457 1687 1621 1725 Metone

290 1757 329 1789 et
349 1751 399 1789 de
421 1749 586 1788 Faberio
606 1750 785 1788 sciamus.

334 1896 420 1931 LII
566 1898 635 1931 Ser.
653 1900 688 1930 in
710 1899 899 1931 Tusculano
914 1902 963 1931 xii
975 1901 1018 1933 K.
1036 1901 1112 1933 Iun.
1131 1912 1161 1933 a.
1183 1911 1242 1943 709
1260 1901 1341 1942 (45l.

692 1989 863 2020 CICERO
895 1989 1078 2021 ATTICO
1110 1989 1215 2021 SAL.
1644 1995 1680 2026 ²5

254 2088 273 2116 1
345 2079 388 2116 L.
422 2076 598 2116 Tullium
638 2079 879 2116 Montanum
925 2077 1029 2116 nosti
1069 2077 1137 2128 qui
1176 2092 1266 2117 cum
1306 2078 1499 2119 Cicerone
1537 2092 1623 2130 pro-

290 2144 415 2181 fectus
442 2150 510 2181 est.
570 2142 635 2180 Ab
662 2143 745 2181 eius
776 2142 916 2181 sororis
937 2138 1190 2181 viro'litteras
1217 2144 1352 2195 accepi
1382 2146 1622 2183 Montanum

292 2209 439 2245 Planco
460 2208 616 2255 debere,
639 2209 748 2258 quod
778 2222 889 2258 praes
910 2221 980 2257 pro
1002 2208 1198 2247 Flaminio
1218 2209 1280 2256 sit,
1302 2211 1372 2248 HS
1390 2211 1477 2257 {a
1506 2212 1557 2249 de
1577 2224 1624 2249 ea

292 2285 332 2310 re
362 2272 496 2310 nescio
526 2272 622 2322 quid
652 2281 690 2311 te
721 2287 744 2311 a
776 2274 972 2311 Montano
1002 2281 1191 2324 rogatum.
1251 2275 1353 2313 Sane
1382 2275 1510 2322 velim,
1542 2275 1623 2314 sive

337 2384 356 2414 5
378 2379 451 2415 post
466 2376 493 2405 si
512 2375 587 2406 add.
607 2380 642 2406 tu
659 2376 792 2406 Ernesti
890 2386 928 2406 12
948 2380 1024 2416 post
1038 2382 1073 2406 ut
1090 2377 1165 2407 add.
1182 2382 1262 2408 sunt
1280 2377 1397 2418 Moser,
1417 2378 1491 2409 add.
1512 2378 1624 2409 serunt

295 2418 419 2449 Mz’iller
487 2429 523 2457 13
541 2419 607 2449 scis
622 2420 666 2449 ita
678 2414 721 2448 Zb
734 2418 792 2448 IL
807 2419 965 2460 (nmtgssz
990 2420 1018 2450 si
1031 2419 1081 2449 Ml
1101 2431 1107 2450 :
1132 2421 1215 2451 scito
1230 2421 1275 2451 ita
1286 2420 1345 2451 M2
1417 2432 1452 2460 17
1471 2422 1622 2462 μηλώσῃ]

294 2461 361 2500 μυΐ’
377 2461 437 2501 ὅση
454 2462 536 2492 Ellis
553 2462 620 2493 coll.
642 2462 802 2493 Heronda
819 2463 840 2494 i.
862 2473 900 2502 15
1044 2464 1087 2494 28
1111 2473 1180 2493 xxv
1195 2463 1318 2495 Bost‘us
1330 2464 1398 2496 coll.
1415 2465 1482 2497 xvi.
1508 2475 1556 2504 15.
1579 2476 1599 2505 5
