1827 2798
170 158 289 196 XIII.
313 160 468 196 xxxvii
682 161 737 196 M.
770 158 938 195 TVLLI
970 157 1279 197 CICERONIS

320 271 493 309 viderem
529 270 626 308 scire
660 283 790 320 regem
827 283 889 307 me
922 268 1043 306 animi
1078 268 1174 306 nihil
1207 268 1381 318 habere),
1415 267 1648 308 Ciceronem

278 349 301 386 3
322 349 412 373 vero
434 348 566 372 meum
587 334 715 372 vexari
730 349 739 381 3
769 335 839 373 sed
860 334 900 372 id
921 334 1083 384 quidem
1103 333 1290 372 arbitratu
1312 347 1394 372 suo.
1442 334 1650 371 Laudatio-

321 414 411 438 nem
452 399 613 438 Porciae
651 401 806 450 gaudeo
838 413 901 437 me
934 407 1025 438 ante
1064 399 1221 437 dedisse
1262 400 1409 448 Leptae
1448 398 1650 437 tabellario

320 478 438 514 quam
461 473 546 502 tuas
566 464 785 514 acceperim
814 464 969 503 litteras.
1030 466 1130 502 Eam
1161 471 1202 501 tu
1230 463 1354 514 igitur,
1378 463 1409 501 si
1440 477 1502 501 me
1528 476 1647 509 amaS‚

319 529 485 575 curabis,
509 529 539 567 si
562 530 682 568 modo
705 529 887 575 mittetur,
912 529 986 568 isto
1008 530 1129 567 modo
1157 528 1390 567 mittendam
1414 527 1592 566 Domitio
1613 536 1650 566 et
1670 540 1687 571 5

322 596 454 632 Bruto.

274 672 300 710 4
377 661 439 698 De
477 659 768 709 gladiatoribus
803 661 853 698 de
892 659 1029 698 ceteris
1068 673 1169 709 quae
1208 658 1343 697 scribis
1378 659 1648 709 ἀνεμοφόρητα,

320 724 438 763 facies
461 739 523 763 me
544 724 690 763 cotidie
711 724 926 763 certiorem.
981 725 1123 771 Velim,
1147 725 1177 762 si
1200 724 1269 763 tibi
1290 724 1453 772 videtur,
1476 725 1650 774 appelles

320 791 489 829 Balbum
525 798 562 829 et
593 790 781 829 Offilium.
842 793 903 829 De
932 790 1115 829 auctione
1149 790 1431 841 proscribenda
1464 790 1649 840 equidem

318 857 472 893 locutus
494 869 580 893 sum
602 869 692 893 cum
716 856 853 894 Balbo.
914 856 1099 894 Placebat
1121 856 1234 905 (puto
1259 855 1480 904 conscripta
1504 855 1649 893 habere
1670 866 1710 890 10

318 920 494 959 Offilium
515 920 673 967 omnia3
703 921 822 959 habet
852 928 889 958 et
918 920 1082 970 Balbus)
1104 920 1173 957 sed
1206 919 1331 957 Balbo
1358 919 1538 969 placebat
1564 932 1650 968 pro·

318 986 510 1036 pinquum
532 986 638 1024 diem
667 994 705 1024 et
728 988 905 1033 Romae3
935 985 965 1023 si
988 986 1133 1025 Caesar
1154 993 1381 1032 moraretur,
1401 998 1517 1034 posse
1544 984 1649 1023 diem

319 1051 473 1089 differri.
525 1052 602 1089 Sed
627 1051 658 1088 is
683 1050 845 1100 quidem
869 1052 1007 1088 adesse
1028 1049 1192 1089 videtur.
1250 1051 1399 1088 Totum
1424 1049 1539 1100 igitur
1559 1062 1650 1088 con·

319 1116 471 1163 sidera3
500 1118 628 1166 placet
649 1116 753 1154 enim
776 1116 968 1154 Vestorio.

362 1262 609 1298 XXXVIII
653 1265 721 1298 Ser.
741 1266 773 1295 in
796 1265 982 1296 Tusculano
998 1266 1063 1296 circ.
1080 1264 1167 1305 prid.
1185 1264 1271 1296 Non.
1289 1263 1377 1296 Sext.
1394 1275 1423 1296 a.
1447 1274 1505 1305 709
1524 1263 1603 1305 (45).
1673 1272 1707 1303 ¹5

728 1353 900 1385 CICERO
928 1353 1110 1384 ATTICO
1140 1352 1246 1384 SAL.

281 1452 299 1480 1
373 1446 477 1483 Ante
507 1445 635 1482 lucem
663 1457 754 1481 curn
782 1442 992 1481 scriberem
1017 1451 1154 1481 contra
1182 1441 1408 1493 Epicureos,
1432 1445 1482 1483 de
1507 1446 1648 1483 eodem

317 1511 406 1548 oleo
427 1517 465 1547 et
485 1522 603 1559 opera
630 1508 781 1547 exaravi
809 1507 942 1546 nescio
963 1507 1059 1558 quid
1085 1509 1137 1546 ad
1158 1515 1195 1546 te
1216 1515 1254 1546 et
1280 1516 1371 1547 ante
1392 1510 1521 1548 lucem
1543 1509 1646 1548 dedi.

319 1574 475 1613 Deinde
510 1588 600 1612 cum
633 1587 775 1612 somno
806 1573 971 1623 repetito
1003 1572 1119 1611 simul
1150 1586 1240 1611 cum
1281 1575 1362 1612 sole
1402 1583 1648 1625 experrectus

318 1653 455 1685 essem,
479 1641 593 1678 datur
614 1639 666 1676 mi
688 1638 855 1688 epistula
874 1652 897 1676 a
917 1637 1058 1676 sororis
1079 1645 1170 1677 tuae
1192 1638 1272 1677 filio
1289 1653 1408 1689 quam
1430 1640 1555 1690 ipsam
1577 1640 1647 1679 tibi
1670 1655 1708 1677 20

319 1704 431 1749 misi3
471 1704 581 1742 cuius
614 1712 671 1742 est
700 1703 935 1753 principium
966 1717 1047 1741 non
1078 1703 1161 1742 sine
1192 1704 1362 1743 maxima
1395 1705 1644 1744 contumelia.

319 1770 397 1808 Sed
436 1770 598 1807 fortasse
637 1771 702 1807 οὐκ
741 1770 956 1818 ἐπέστησεν.
1019 1770 1089 1806 Est
1128 1777 1261 1808 autem
1297 1769 1362 1816 sic,
1401 1772 1509 1819 ‘Ego
1543 1769 1648 1808 enim

318 1834 507 1885 quicquid
528 1849 608 1873 non
637 1835 738 1872 belle
758 1834 798 1871 in
823 1842 860 1873 te
881 1835 958 1873 dici
985 1844 1115 1885 potest
1137 1838 1211 1875 ——.'
1269 1839 1390 1875 Posse
1410 1838 1492 1874 vult
1519 1835 1558 1872 in
1586 1848 1649 1873 me

319 1902 441 1938 multa
479 1899 556 1938 dici
596 1913 676 1937 non
711 1900 812 1938 belle
847 1901 916 1939 sed
951 1915 997 1939 ea
1031 1916 1072 1940 se
1111 1909 1226 1952 negat
1264 1902 1492 1951 approbare.
1553 1901 1646 1937 Hoc

318 1965 529 2016 quicquam
550 1973 643 2015 pote
668 1964 886 2015 impurius?
945 1968 1030 2005 Iam
1056 1975 1183 2005 cetera
1210 1969 1314 2017 leges
1337 1966 1441 2016 (misi
1462 1966 1567 2005 enim
1594 1966 1645 2004 ad
1667 1982 1702 2012 ,ῃ-

317 2030 372 2081 te)
393 2030 676 2080 iudicabisque.
737 2031 846 2069 Bruti
874 2032 994 2070 nostri
1016 2032 1224 2070 cotidianis
1244 2032 1500 2081 adsiduisque
1526 2030 1648 2069 laudi-

361 2146 379 2174 5
404 2136 544 2165 alterum
562 2136 661 2166 modo
678 2136 736 2167 dd.
759 2137 844 2168 Re1'd
987 2148 1003 2176 7
1029 2141 1104 2167 ante
1119 2137 1238 2168 scribis
1254 2137 1329 2167 add.
1351 2142 1385 2167 ut
1403 2136 1490 2167 Reid
1610 2147 1648 2167 10

318 2179 477 2209 Placebat
493 2203 500 2210 .
521 2202 528 2210 .
549 2202 556 2209 .
577 2179 699 2210 Balbol
721 2181 764 2211 ila
783 2182 980 2221 inlerpunxt'l
1002 2181 1125 2213 Tvm‘ell
1258 2191 1295 2210 12
1321 2191 1420 2220 posse
1437 2180 1486 2210 Z:
1512 2189 1647 2219 possem

319 2222 436 2253 ORP:
468 2233 567 2262 posse
595 2223 627 2252 in
657 2223 711 2254 Ms
799 2225 888 2255 diem
916 2224 1073 2261 ZO¹RP,
1098 2224 1136 2264 cf
1168 2223 1346 2254 Lehmann
1376 2223 1480 2255 ‘AM’
1500 2228 1535 2264 p.
1565 2224 1646 2262 138:

317 2267 406 2296 diem
424 2267 513 2296 diem
533 2266 658 2298 MsO³z
696 2268 727 2298 in
754 2268 841 2298 diem
863 2279 905 2299 ex
927 2269 982 2299 die
1006 2267 1130 2298 Maller
1149 2267 1215 2298 coll.
1236 2268 1332 2299 Brut.
1352 2267 1384 2299 ii.
1407 2277 1432 2298 1.
1455 2277 1468 2297 1
1605 2276 1646 2296 22

318 2309 424 2348 enim]
442 2310 579 2340 minime
596 2313 675 2341 coni.
697 2311 797 2341 Orelli
925 2322 967 2351 23
986 2315 1062 2353 pos!
1077 2315 1190 2351 potest
1207 2311 1398 2351 absotptum
1414 2321 1479 2341 esse
1494 2310 1646 2350 approbo

317 2354 368 2383 vel
379 2354 523 2383 consulto
538 2355 699 2385 omissum
711 2358 806 2392 purat
823 2354 924 2385 Orelli
1053 2365 1093 2395 25
1117 2354 1214 2396 pote]
1233 2359 1344 2394 potest
1360 2365 1438 2386 esse
1455 2353 1476 2384 I
1604 2353 1648 2383 26

318 2396 549 2436 iudicabisque
570 2397 663 2429 Bruti
685 2397 870 2438 Wscubwg
