<?xml version="1.0" encoding="UTF-8"?>
<!DOCTYPE html PUBLIC "-//W3C//DTD XHTML 1.0 Transitional//EN"
    "http://www.w3.org/TR/xhtml1/DTD/xhtml1-transitional.dtd">
<html xmlns="http://www.w3.org/1999/xhtml" xml:lang="en" lang="en">
 <head>
  <title>
</title>
<meta http-equiv="Content-Type" content="text/html;charset=utf-8" />
  <meta name='ocr-system' content='tesseract 3.04.00' />
  <meta name='ocr-capabilities' content='ocr_page ocr_carea ocr_par ocr_line ocrx_word'/>
</head>
<body>
  <div class='ocr_page' id='page_1' title='image "./epistulaerecogno0202ciceuoft_0086.png"; bbox 0 0 1827 2798; ppageno 0'>
   <div class='ocr_carea' id='block_1_1' title="bbox 221 138 1213 182">
    <p class='ocr_par' dir='ltr' id='par_1_1' title="bbox 221 138 1213 182">
     <span class='ocr_line' id='line_1_1' title="bbox 221 138 1213 182; baseline -0.007 0"><span class='ocrx_word' id='word_1_1' title='bbox 221 147 268 182; x_wconf 82' lang='lat' dir='ltr'>X.</span> <span class='ocrx_word' id='word_1_2' title='bbox 293 145 386 182; x_wconf 88' lang='lat' dir='ltr'>xvii</span> <span class='ocrx_word' id='word_1_3' title='bbox 620 145 678 182; x_wconf 88' lang='lat' dir='ltr'>M.</span> <span class='ocrx_word' id='word_1_4' title='bbox 709 142 875 180; x_wconf 89' lang='lat' dir='ltr'>TVLLI</span> <span class='ocrx_word' id='word_1_5' title='bbox 907 138 1213 178; x_wconf 89' lang='lat' dir='ltr'>CICERONIS</span> 
     </span>
    </p>
   </div>
   <div class='ocr_carea' id='block_1_2' title="bbox 274 248 1708 1279">
    <p class='ocr_par' dir='ltr' id='par_1_2' title="bbox 275 248 1645 498">
     <span class='ocr_line' id='line_1_2' title="bbox 275 248 1644 302; baseline -0.006 -8"><span class='ocrx_word' id='word_1_6' title='bbox 275 267 300 294; x_wconf 88' lang='lat'><em>2</em></span> <span class='ocrx_word' id='word_1_7' title='bbox 377 257 525 296; x_wconf 89' lang='lat' dir='ltr'>Crebro</span> <span class='ocrx_word' id='word_1_8' title='bbox 545 254 696 293; x_wconf 74' lang='lat' dir='ltr'><strong>refricat</strong></span> <span class='ocrx_word' id='word_1_9' title='bbox 720 252 915 302; x_wconf 87' lang='lat' dir='ltr'>lippitudo</span> <span class='ocrx_word' id='word_1_10' title='bbox 945 263 1025 288; x_wconf 87' lang='lat' dir='ltr'>non</span> <span class='ocrx_word' id='word_1_11' title='bbox 1052 249 1117 287; x_wconf 86' lang='lat' dir='ltr'>illa</span> <span class='ocrx_word' id='word_1_12' title='bbox 1145 250 1308 299; x_wconf 89' lang='lat' dir='ltr'>quidem</span> <span class='ocrx_word' id='word_1_13' title='bbox 1337 248 1545 299; x_wconf 82' lang='lat' dir='ltr'>perodiosa</span> <span class='ocrx_word' id='word_1_14' title='bbox 1575 249 1644 286; x_wconf 83' lang='lat' dir='ltr'>sed</span> 
     </span>
     <span class='ocr_line' id='line_1_3' title="bbox 319 314 1644 369; baseline -0.007 -10"><span class='ocrx_word' id='word_1_15' title='bbox 319 330 451 359; x_wconf 85' lang='lat' dir='ltr'>tamen</span> <span class='ocrx_word' id='word_1_16' title='bbox 490 333 591 369; x_wconf 87' lang='lat' dir='ltr'>quae</span> <span class='ocrx_word' id='word_1_17' title='bbox 629 316 819 367; x_wconf 85' lang='lat' dir='ltr'>impediat</span> <span class='ocrx_word' id='word_1_18' title='bbox 858 314 1110 364; x_wconf 77' lang='lat' dir='ltr'>scriptionem</span> <span class='ocrx_word' id='word_1_19' title='bbox 1150 327 1290 352; x_wconf 88' lang='lat' dir='ltr'>meam.</span> <span class='ocrx_word' id='word_1_20' title='bbox 1363 314 1644 352; x_wconf 71' lang='lat' dir='ltr'>Valetudinem</span> 
     </span>
     <span class='ocr_line' id='line_1_4' title="bbox 319 377 1645 423; baseline -0.006 0"><span class='ocrx_word' id='word_1_21' title='bbox 319 394 426 423; x_wconf 88' lang='lat' dir='ltr'>tuam</span> <span class='ocrx_word' id='word_1_22' title='bbox 447 384 523 422; x_wconf 91' lang='lat' dir='ltr'>iam</span> <span class='ocrx_word' id='word_1_23' title='bbox 554 384 825 421; x_wconf 87' lang='lat' dir='ltr'>confirmatam</span> <span class='ocrx_word' id='word_1_24' title='bbox 854 393 940 419; x_wconf 89' lang='lat' dir='ltr'>esse</span> <span class='ocrx_word' id='word_1_25' title='bbox 969 387 1007 418; x_wconf 89' lang='lat' dir='ltr'>et</span> <span class='ocrx_word' id='word_1_26' title='bbox 1035 393 1059 417; x_wconf 86' lang='lat' dir='ltr'>a</span> <span class='ocrx_word' id='word_1_27' title='bbox 1086 386 1217 418; x_wconf 81' lang='lat' dir='ltr'>vetere</span> <span class='ocrx_word' id='word_1_28' title='bbox 1246 379 1386 417; x_wconf 85' lang='lat' dir='ltr'>morbo</span> <span class='ocrx_word' id='word_1_29' title='bbox 1416 386 1453 417; x_wconf 89' lang='lat' dir='ltr'>et</span> <span class='ocrx_word' id='word_1_30' title='bbox 1483 392 1505 416; x_wconf 87' lang='lat' dir='ltr'>a</span> <span class='ocrx_word' id='word_1_31' title='bbox 1534 377 1645 416; x_wconf 86' lang='lat' dir='ltr'>novis</span> 
     </span>
     <span class='ocr_line' id='line_1_5' title="bbox 318 447 828 498; baseline -0.008 -11"><span class='ocrx_word' id='word_1_32' title='bbox 318 448 643 498; x_wconf 77' lang='lat' dir='ltr'>temptationibus</span> <span class='ocrx_word' id='word_1_33' title='bbox 664 447 828 496; x_wconf 81' lang='lat' dir='ltr'>gaudeo.</span> 
     </span>
    </p>

    <p class='ocr_par' dir='ltr' id='par_1_3' title="bbox 275 507 1683 821">
     <span class='ocr_line' id='line_1_6' title="bbox 275 507 1683 561; baseline -0.004 -10"><span class='ocrx_word' id='word_1_34' title='bbox 275 525 299 561; x_wconf 91' lang='lat'><strong>3</strong></span> <span class='ocrx_word' id='word_1_35' title='bbox 373 514 550 552; x_wconf 83' lang='lat' dir='ltr'>Ocellam</span> <span class='ocrx_word' id='word_1_36' title='bbox 589 513 729 549; x_wconf 83' lang='lat' dir='ltr'>vellem</span> <span class='ocrx_word' id='word_1_37' title='bbox 768 510 1027 559; x_wconf 76' lang='lat' dir='ltr'>haberemus3</span> <span class='ocrx_word' id='word_1_38' title='bbox 1067 508 1250 547; x_wconf 82' lang='lat' dir='ltr'>videntur</span> <span class='ocrx_word' id='word_1_39' title='bbox 1279 507 1385 546; x_wconf 90' lang='lat' dir='ltr'>enim</span> <span class='ocrx_word' id='word_1_40' title='bbox 1426 522 1511 546; x_wconf 83' lang='lat' dir='ltr'>esse</span> <span class='ocrx_word' id='word_1_41' title='bbox 1550 509 1646 546; x_wconf 91' lang='lat' dir='ltr'>haec</span> <span class='ocrx_word' id='word_1_42' title='bbox 1667 522 1683 553; x_wconf 86' lang='lat'>5</span> 
     </span>
     <span class='ocr_line' id='line_1_7' title="bbox 318 572 1647 629; baseline -0.005 -12"><span class='ocrx_word' id='word_1_43' title='bbox 318 580 436 629; x_wconf 82' lang='lat' dir='ltr'>paulo</span> <span class='ocrx_word' id='word_1_44' title='bbox 470 576 641 615; x_wconf 79' lang='lat' dir='ltr'>faciliora</span> <span class='ocrx_word' id='word_1_45' title='bbox 660 576 818 624; x_wconf 74' lang='lat' dir='ltr'>futura.</span> <span class='ocrx_word' id='word_1_46' title='bbox 890 576 1009 612; x_wconf 88' lang='lat' dir='ltr'>Nunc</span> <span class='ocrx_word' id='word_1_47' title='bbox 1048 573 1210 623; x_wconf 87' lang='lat' dir='ltr'>quidem</span> <span class='ocrx_word' id='word_1_48' title='bbox 1249 572 1544 622; x_wconf 80' lang='lat' dir='ltr'>aequinoctium</span> <span class='ocrx_word' id='word_1_49' title='bbox 1574 586 1647 610; x_wconf 80' lang='lat' dir='ltr'>nos</span> 
     </span>
     <span class='ocr_line' id='line_1_8' title="bbox 319 636 1645 692; baseline -0.007 -11"><span class='ocrx_word' id='word_1_50' title='bbox 319 651 490 682; x_wconf 87' lang='lat' dir='ltr'>moratur</span> <span class='ocrx_word' id='word_1_51' title='bbox 520 643 628 692; x_wconf 87' lang='lat' dir='ltr'>quod</span> <span class='ocrx_word' id='word_1_52' title='bbox 657 642 771 679; x_wconf 80' lang='lat' dir='ltr'>valde</span> <span class='ocrx_word' id='word_1_53' title='bbox 802 639 1071 690; x_wconf 86' lang='lat' dir='ltr'>perturbatum</span> <span class='ocrx_word' id='word_1_54' title='bbox 1103 646 1194 676; x_wconf 87' lang='lat' dir='ltr'>erat.</span> <span class='ocrx_word' id='word_1_55' title='bbox 1255 639 1330 677; x_wconf 86' lang='lat' dir='ltr'>†Id</span> <span class='ocrx_word' id='word_1_56' title='bbox 1364 637 1395 675; x_wconf 88' lang='lat' dir='ltr'>si</span> <span class='ocrx_word' id='word_1_57' title='bbox 1427 641 1535 676; x_wconf 87' lang='lat' dir='ltr'>cras†</span> <span class='ocrx_word' id='word_1_58' title='bbox 1564 636 1645 684; x_wconf 90' lang='lat' dir='ltr'>erit,</span> 
     </span>
     <span class='ocr_line' id='line_1_9' title="bbox 318 702 1645 752; baseline -0.005 -6"><span class='ocrx_word' id='word_1_59' title='bbox 318 708 468 746; x_wconf 86' lang='lat' dir='ltr'>utinam</span> <span class='ocrx_word' id='word_1_60' title='bbox 490 707 595 745; x_wconf 89' lang='lat' dir='ltr'>idem</span> <span class='ocrx_word' id='word_1_61' title='bbox 617 713 774 744; x_wconf 76' lang='lat' dir='ltr'>maneat</span> <span class='ocrx_word' id='word_1_62' title='bbox 797 703 1035 742; x_wconf 81' lang='lat' dir='ltr'>Hortensius</span> <span class='ocrx_word' id='word_1_63' title='bbox 1053 706 1059 741; x_wconf 78' lang='lat' dir='ltr'>l</span> <span class='ocrx_word' id='word_1_64' title='bbox 1090 702 1122 741; x_wconf 90' lang='lat' dir='ltr'>si</span> <span class='ocrx_word' id='word_1_65' title='bbox 1142 702 1315 752; x_wconf 85' lang='lat' dir='ltr'>quidem,</span> <span class='ocrx_word' id='word_1_66' title='bbox 1336 708 1380 740; x_wconf 71' lang='lat' dir='ltr'>ut</span> <span class='ocrx_word' id='word_1_67' title='bbox 1403 702 1534 740; x_wconf 87' lang='lat' dir='ltr'>adhuc</span> <span class='ocrx_word' id='word_1_68' title='bbox 1555 709 1645 748; x_wconf 88' lang='lat' dir='ltr'>erat,</span> 
     </span>
     <span class='ocr_line' id='line_1_10' title="bbox 319 771 897 821; baseline -0.007 -9"><span class='ocrx_word' id='word_1_69' title='bbox 319 774 515 812; x_wconf 82' lang='lat' dir='ltr'>liberalius</span> <span class='ocrx_word' id='word_1_70' title='bbox 536 786 621 811; x_wconf 85' lang='lat' dir='ltr'>esse</span> <span class='ocrx_word' id='word_1_71' title='bbox 641 771 737 809; x_wconf 88' lang='lat' dir='ltr'>nihil</span> <span class='ocrx_word' id='word_1_72' title='bbox 759 778 897 821; x_wconf 86' lang='lat' dir='ltr'>potest.</span> 
     </span>
    </p>

    <p class='ocr_par' dir='ltr' id='par_1_4' title="bbox 274 831 1708 1279">
     <span class='ocr_line' id='line_1_11' title="bbox 274 831 1708 888; baseline -0.006 -10"><span class='ocrx_word' id='word_1_73' title='bbox 274 849 301 887; x_wconf 90' lang='lat'>4</span> <span class='ocrx_word' id='word_1_74' title='bbox 377 841 437 877; x_wconf 90' lang='lat' dir='ltr'>De</span> <span class='ocrx_word' id='word_1_75' title='bbox 476 838 691 888; x_wconf 84' lang='lat' dir='ltr'>diplomate</span> <span class='ocrx_word' id='word_1_76' title='bbox 739 835 941 874; x_wconf 87' lang='lat' dir='ltr'>admiraris</span> <span class='ocrx_word' id='word_1_77' title='bbox 980 833 1092 884; x_wconf 87' lang='lat' dir='ltr'>quasi</span> <span class='ocrx_word' id='word_1_78' title='bbox 1131 833 1264 872; x_wconf 88' lang='lat' dir='ltr'>nescio</span> <span class='ocrx_word' id='word_1_79' title='bbox 1303 833 1414 871; x_wconf 89' lang='lat' dir='ltr'>cuius</span> <span class='ocrx_word' id='word_1_80' title='bbox 1453 840 1490 870; x_wconf 86' lang='lat' dir='ltr'>te</span> <span class='ocrx_word' id='word_1_81' title='bbox 1529 831 1648 882; x_wconf 83' lang='lat' dir='ltr'>flagiti</span> <span class='ocrx_word' id='word_1_82' title='bbox 1670 846 1708 869; x_wconf 90' lang='lat'>10</span> 
     </span>
     <span class='ocr_line' id='line_1_12' title="bbox 320 897 1648 951; baseline -0.006 -9"><span class='ocrx_word' id='word_1_83' title='bbox 320 903 587 942; x_wconf 86' lang='lat' dir='ltr'>insimularim.</span> <span class='ocrx_word' id='word_1_84' title='bbox 648 903 779 951; x_wconf 83' lang='lat' dir='ltr'>Negas</span> <span class='ocrx_word' id='word_1_85' title='bbox 796 900 901 939; x_wconf 89' lang='lat' dir='ltr'>enim</span> <span class='ocrx_word' id='word_1_86' title='bbox 916 908 953 938; x_wconf 89' lang='lat' dir='ltr'>te</span> <span class='ocrx_word' id='word_1_87' title='bbox 974 899 1139 949; x_wconf 89' lang='lat' dir='ltr'>reperire</span> <span class='ocrx_word' id='word_1_88' title='bbox 1157 898 1223 948; x_wconf 91' lang='lat' dir='ltr'>qui</span> <span class='ocrx_word' id='word_1_89' title='bbox 1240 898 1335 936; x_wconf 86' lang='lat' dir='ltr'>mihi</span> <span class='ocrx_word' id='word_1_90' title='bbox 1357 897 1397 936; x_wconf 93' lang='lat' dir='ltr'>id</span> <span class='ocrx_word' id='word_1_91' title='bbox 1417 897 1456 935; x_wconf 88' lang='lat' dir='ltr'>in</span> <span class='ocrx_word' id='word_1_92' title='bbox 1475 905 1648 935; x_wconf 86' lang='lat' dir='ltr'>mentem</span> 
     </span>
     <span class='ocr_line' id='line_1_13' title="bbox 320 961 1649 1017; baseline -0.006 -10"><span class='ocrx_word' id='word_1_93' title='bbox 320 969 477 1007; x_wconf 74' lang='lat' dir='ltr'>venerit.</span> <span class='ocrx_word' id='word_1_94' title='bbox 538 970 624 1017; x_wconf 84' lang='lat' dir='ltr'>Ego</span> <span class='ocrx_word' id='word_1_95' title='bbox 653 975 797 1013; x_wconf 80' lang='lat' dir='ltr'>autem,</span> <span class='ocrx_word' id='word_1_96' title='bbox 830 966 922 1015; x_wconf 86' lang='lat' dir='ltr'>quia</span> <span class='ocrx_word' id='word_1_97' title='bbox 952 965 1158 1014; x_wconf 82' lang='lat' dir='ltr'>scripseras</span> <span class='ocrx_word' id='word_1_98' title='bbox 1188 972 1226 1002; x_wconf 90' lang='lat' dir='ltr'>te</span> <span class='ocrx_word' id='word_1_99' title='bbox 1255 962 1450 1013; x_wconf 88' lang='lat' dir='ltr'>proficisci</span> <span class='ocrx_word' id='word_1_100' title='bbox 1480 961 1649 1011; x_wconf 81' lang='lat' dir='ltr'>cogitare</span> 
     </span>
     <span class='ocr_line' id='line_1_14' title="bbox 321 1028 1650 1085; baseline -0.007 -13"><span class='ocrx_word' id='word_1_101' title='bbox 321 1034 483 1085; x_wconf 88' lang='lat' dir='ltr'>(etenim</span> <span class='ocrx_word' id='word_1_102' title='bbox 511 1032 711 1070; x_wconf 86' lang='lat' dir='ltr'>audieram</span> <span class='ocrx_word' id='word_1_103' title='bbox 739 1030 887 1069; x_wconf 89' lang='lat' dir='ltr'>nemini</span> <span class='ocrx_word' id='word_1_104' title='bbox 915 1030 1025 1068; x_wconf 91' lang='lat' dir='ltr'>aliter</span> <span class='ocrx_word' id='word_1_105' title='bbox 1045 1028 1189 1078; x_wconf 89' lang='lat' dir='ltr'>licere),</span> <span class='ocrx_word' id='word_1_106' title='bbox 1214 1042 1261 1067; x_wconf 94' lang='lat' dir='ltr'>eo</span> <span class='ocrx_word' id='word_1_107' title='bbox 1288 1036 1326 1066; x_wconf 88' lang='lat' dir='ltr'>te</span> <span class='ocrx_word' id='word_1_108' title='bbox 1354 1028 1498 1065; x_wconf 89' lang='lat' dir='ltr'>habere</span> <span class='ocrx_word' id='word_1_109' title='bbox 1520 1040 1650 1064; x_wconf 82' lang='lat' dir='ltr'>cense-</span> 
     </span>
     <span class='ocr_line' id='line_1_15' title="bbox 321 1093 1648 1146; baseline -0.007 -9"><span class='ocrx_word' id='word_1_110' title='bbox 321 1100 412 1137; x_wconf 90' lang='lat' dir='ltr'>bam</span> <span class='ocrx_word' id='word_1_111' title='bbox 444 1105 482 1136; x_wconf 92' lang='lat' dir='ltr'>et</span> <span class='ocrx_word' id='word_1_112' title='bbox 516 1097 607 1146; x_wconf 88' lang='lat' dir='ltr'>quia</span> <span class='ocrx_word' id='word_1_113' title='bbox 638 1095 768 1146; x_wconf 87' lang='lat' dir='ltr'>pueris</span> <span class='ocrx_word' id='word_1_114' title='bbox 803 1095 980 1144; x_wconf 89' lang='lat' dir='ltr'>diploma</span> <span class='ocrx_word' id='word_1_115' title='bbox 1017 1107 1250 1142; x_wconf 87' lang='lat' dir='ltr'>sumpseras.</span> <span class='ocrx_word' id='word_1_116' title='bbox 1312 1093 1450 1130; x_wconf 86' lang='lat' dir='ltr'>Habes</span> <span class='ocrx_word' id='word_1_117' title='bbox 1490 1104 1648 1129; x_wconf 88' lang='lat' dir='ltr'>causam</span> 
     </span>
     <span class='ocr_line' id='line_1_16' title="bbox 321 1155 1707 1213; baseline -0.006 -11"><span class='ocrx_word' id='word_1_118' title='bbox 321 1162 518 1213; x_wconf 85' lang='lat' dir='ltr'>opinionis</span> <span class='ocrx_word' id='word_1_119' title='bbox 557 1175 678 1201; x_wconf 88' lang='lat' dir='ltr'>meae.</span> <span class='ocrx_word' id='word_1_120' title='bbox 758 1163 808 1198; x_wconf 90' lang='lat' dir='ltr'>Et</span> <span class='ocrx_word' id='word_1_121' title='bbox 840 1168 972 1198; x_wconf 83' lang='lat' dir='ltr'>tamen</span> <span class='ocrx_word' id='word_1_122' title='bbox 1006 1158 1124 1197; x_wconf 77' lang='lat' dir='ltr'>velim</span> <span class='ocrx_word' id='word_1_123' title='bbox 1163 1158 1261 1196; x_wconf 88' lang='lat' dir='ltr'>scire</span> <span class='ocrx_word' id='word_1_124' title='bbox 1299 1157 1395 1207; x_wconf 86' lang='lat' dir='ltr'>quid</span> <span class='ocrx_word' id='word_1_125' title='bbox 1427 1156 1574 1207; x_wconf 87' lang='lat' dir='ltr'>cogites</span> <span class='ocrx_word' id='word_1_126' title='bbox 1608 1155 1649 1193; x_wconf 89' lang='lat' dir='ltr'>in</span> <span class='ocrx_word' id='word_1_127' title='bbox 1672 1171 1707 1202; x_wconf 84' lang='lat'>15</span> 
     </span>
     <span class='ocr_line' id='line_1_17' title="bbox 321 1224 1505 1279; baseline -0.006 -13"><span class='ocrx_word' id='word_1_128' title='bbox 321 1228 534 1279; x_wconf 81' lang='lat' dir='ltr'>primisque</span> <span class='ocrx_word' id='word_1_129' title='bbox 556 1227 586 1265; x_wconf 89' lang='lat' dir='ltr'>si</span> <span class='ocrx_word' id='word_1_130' title='bbox 608 1226 703 1277; x_wconf 88' lang='lat' dir='ltr'>quid</span> <span class='ocrx_word' id='word_1_131' title='bbox 725 1226 841 1265; x_wconf 87' lang='lat' dir='ltr'>etiam</span> <span class='ocrx_word' id='word_1_132' title='bbox 863 1239 969 1263; x_wconf 88' lang='lat' dir='ltr'>nunc</span> <span class='ocrx_word' id='word_1_133' title='bbox 990 1224 1081 1263; x_wconf 86' lang='lat' dir='ltr'>novi</span> <span class='ocrx_word' id='word_1_134' title='bbox 1103 1232 1171 1262; x_wconf 90' lang='lat' dir='ltr'>est.</span> <span class='ocrx_word' id='word_1_135' title='bbox 1231 1235 1319 1260; x_wconf 80' lang='lat' dir='ltr'>XVII</span> <span class='ocrx_word' id='word_1_136' title='bbox 1344 1225 1393 1260; x_wconf 89' lang='lat' dir='ltr'>K.</span> <span class='ocrx_word' id='word_1_137' title='bbox 1419 1224 1505 1260; x_wconf 87' lang='lat' dir='ltr'>Iun.</span> 
     </span>
    </p>
   </div>
   <div class='ocr_carea' id='block_1_3' title="bbox 366 1393 1438 1521">
    <p class='ocr_par' dir='ltr' id='par_1_5' title="bbox 366 1393 1438 1521">
     <span class='ocr_line' id='line_1_18' title="bbox 366 1393 1438 1435; baseline -0.003 -6"><span class='ocrx_word' id='word_1_138' title='bbox 366 1394 525 1429; x_wconf 87' lang='lat' dir='ltr'><strong>XVIII</strong></span> <span class='ocrx_word' id='word_1_139' title='bbox 541 1396 608 1428; x_wconf 75' lang='lat' dir='ltr'>Ser.</span> <span class='ocrx_word' id='word_1_140' title='bbox 629 1397 661 1426; x_wconf 79' lang='lat' dir='ltr'>in</span> <span class='ocrx_word' id='word_1_141' title='bbox 682 1396 835 1426; x_wconf 78' lang='lat' dir='ltr'>Cumano</span> <span class='ocrx_word' id='word_1_142' title='bbox 852 1396 906 1426; x_wconf 75' lang='lat' dir='ltr'>xiv</span> <span class='ocrx_word' id='word_1_143' title='bbox 922 1399 981 1425; x_wconf 85' lang='lat' dir='ltr'>aut</span> <span class='ocrx_word' id='word_1_144' title='bbox 995 1395 1055 1425; x_wconf 73' lang='lat' dir='ltr'>xiii</span> <span class='ocrx_word' id='word_1_145' title='bbox 1068 1395 1112 1426; x_wconf 80' lang='lat' dir='ltr'>K.</span> <span class='ocrx_word' id='word_1_146' title='bbox 1134 1394 1209 1425; x_wconf 83' lang='lat' dir='ltr'>Iun.</span> <span class='ocrx_word' id='word_1_147' title='bbox 1227 1405 1257 1426; x_wconf 83' lang='lat' dir='ltr'>a.</span> <span class='ocrx_word' id='word_1_148' title='bbox 1280 1404 1334 1433; x_wconf 81' lang='lat'>705</span> <span class='ocrx_word' id='word_1_149' title='bbox 1352 1393 1438 1435; x_wconf 74' lang='lat'><em>(49).</em></span> 
     </span>
     <span class='ocr_line' id='line_1_19' title="bbox 733 1489 1239 1521; baseline 0 0"><span class='ocrx_word' id='word_1_150' title='bbox 733 1490 904 1521; x_wconf 83' lang='lat' dir='ltr'><em>CICERO</em></span> <span class='ocrx_word' id='word_1_151' title='bbox 927 1490 1109 1521; x_wconf 79' lang='lat' dir='ltr'><em>ATTICO</em></span> <span class='ocrx_word' id='word_1_152' title='bbox 1132 1489 1239 1521; x_wconf 80' lang='lat' dir='ltr'><em>SAL.</em></span> 
     </span>
    </p>
   </div>
   <div class='ocr_carea' id='block_1_4' title="bbox 288 1579 1711 2023">
    <p class='ocr_par' dir='ltr' id='par_1_6' title="bbox 288 1579 1711 2023">
     <span class='ocr_line' id='line_1_20' title="bbox 288 1579 1649 1629; baseline -0.003 -9"><span class='ocrx_word' id='word_1_153' title='bbox 288 1594 306 1621; x_wconf 92' lang='lat'>1</span> <span class='ocrx_word' id='word_1_154' title='bbox 376 1580 507 1619; x_wconf 88' lang='lat' dir='ltr'>Tullia</span> <span class='ocrx_word' id='word_1_155' title='bbox 540 1593 627 1618; x_wconf 88' lang='lat' dir='ltr'>mea</span> <span class='ocrx_word' id='word_1_156' title='bbox 662 1579 811 1629; x_wconf 88' lang='lat' dir='ltr'>peperit</span> <span class='ocrx_word' id='word_1_157' title='bbox 846 1591 939 1616; x_wconf 84' lang='lat' dir='ltr'>X1111</span> <span class='ocrx_word' id='word_1_158' title='bbox 978 1581 1025 1616; x_wconf 89' lang='lat' dir='ltr'>K.</span> <span class='ocrx_word' id='word_1_159' title='bbox 1063 1581 1149 1616; x_wconf 93' lang='lat' dir='ltr'>Iun.</span> <span class='ocrx_word' id='word_1_160' title='bbox 1181 1593 1345 1629; x_wconf 88' lang='lat' dir='ltr'>puerum</span> <span class='ocrx_word' id='word_1_161' title='bbox 1379 1581 1649 1629; x_wconf 81' lang='grc' dir='ltr'>ἑπταμηνιαῖον.</span> 
     </span>
     <span class='ocr_line' id='line_1_21' title="bbox 324 1645 1711 1695; baseline -0.003 -10"><span class='ocrx_word' id='word_1_162' title='bbox 324 1648 444 1695; x_wconf 82' lang='lat' dir='ltr'>Quod</span> <span class='ocrx_word' id='word_1_163' title='bbox 477 1647 674 1695; x_wconf 76' lang='grc' dir='ltr'>εὐτόκησεν</span> <span class='ocrx_word' id='word_1_164' title='bbox 704 1646 882 1694; x_wconf 80' lang='lat' dir='ltr'>gaude03</span> <span class='ocrx_word' id='word_1_165' title='bbox 912 1646 1020 1694; x_wconf 89' lang='lat' dir='ltr'>quod</span> <span class='ocrx_word' id='word_1_166' title='bbox 1055 1645 1216 1694; x_wconf 80' lang='lat' dir='ltr'>quidem</span> <span class='ocrx_word' id='word_1_167' title='bbox 1256 1653 1313 1684; x_wconf 84' lang='lat' dir='ltr'>est</span> <span class='ocrx_word' id='word_1_168' title='bbox 1347 1654 1482 1684; x_wconf 86' lang='lat' dir='ltr'>natum</span> <span class='ocrx_word' id='word_1_169' title='bbox 1515 1645 1653 1695; x_wconf 89' lang='lat' dir='ltr'>perim-</span> <span class='ocrx_word' id='word_1_170' title='bbox 1674 1658 1711 1679; x_wconf 88' lang='lat'>20</span> 
     </span>
     <span class='ocr_line' id='line_1_22' title="bbox 323 1710 1653 1760; baseline -0.001 -11"><span class='ocrx_word' id='word_1_171' title='bbox 323 1711 506 1749; x_wconf 87' lang='lat' dir='ltr'>becillum</span> <span class='ocrx_word' id='word_1_172' title='bbox 529 1719 596 1749; x_wconf 84' lang='lat' dir='ltr'>est.</span> <span class='ocrx_word' id='word_1_173' title='bbox 658 1713 726 1748; x_wconf 83' lang='lat' dir='ltr'>Me</span> <span class='ocrx_word' id='word_1_174' title='bbox 752 1710 936 1748; x_wconf 87' lang='lat' dir='ltr'>mirificae</span> <span class='ocrx_word' id='word_1_175' title='bbox 964 1711 1262 1760; x_wconf 84' lang='lat' dir='ltr'>tranquillitates</span> <span class='ocrx_word' id='word_1_176' title='bbox 1287 1713 1418 1750; x_wconf 87' lang='lat' dir='ltr'>adhuc</span> <span class='ocrx_word' id='word_1_177' title='bbox 1444 1718 1653 1750; x_wconf 83' lang='lat' dir='ltr'>tenuerunt</span> 
     </span>
     <span class='ocr_line' id='line_1_23' title="bbox 322 1775 1653 1827; baseline 0.001 -13"><span class='ocrx_word' id='word_1_178' title='bbox 322 1784 441 1825; x_wconf 85' lang='lat' dir='ltr'>atque</span> <span class='ocrx_word' id='word_1_179' title='bbox 463 1776 597 1814; x_wconf 87' lang='lat' dir='ltr'>maiori</span> <span class='ocrx_word' id='word_1_180' title='bbox 628 1775 914 1825; x_wconf 87' lang='lat' dir='ltr'>impedimento</span> <span class='ocrx_word' id='word_1_181' title='bbox 944 1777 1100 1814; x_wconf 88' lang='lat' dir='ltr'>fuerunt</span> <span class='ocrx_word' id='word_1_182' title='bbox 1130 1790 1248 1826; x_wconf 88' lang='lat' dir='ltr'>quam</span> <span class='ocrx_word' id='word_1_183' title='bbox 1280 1778 1482 1816; x_wconf 84' lang='lat' dir='ltr'>custodiae</span> <span class='ocrx_word' id='word_1_184' title='bbox 1510 1778 1653 1827; x_wconf 87' lang='lat' dir='ltr'>quibus</span> 
     </span>
     <span class='ocr_line' id='line_1_24' title="bbox 322 1839 1653 1882; baseline 0.002 -4"><span class='ocrx_word' id='word_1_185' title='bbox 322 1842 515 1878; x_wconf 82' lang='lat' dir='ltr'>adservor.</span> <span class='ocrx_word' id='word_1_186' title='bbox 576 1842 679 1878; x_wconf 85' lang='lat' dir='ltr'>Nam</span> <span class='ocrx_word' id='word_1_187' title='bbox 702 1839 767 1877; x_wconf 85' lang='lat' dir='ltr'>illa</span> <span class='ocrx_word' id='word_1_188' title='bbox 798 1840 1065 1879; x_wconf 86' lang='lat' dir='ltr'>Hortensiana</span> <span class='ocrx_word' id='word_1_189' title='bbox 1095 1842 1228 1880; x_wconf 88' lang='lat' dir='ltr'>omnia</span> <span class='ocrx_word' id='word_1_190' title='bbox 1257 1844 1387 1882; x_wconf 71' lang='lat' dir='ltr'>*tfuere</span> <span class='ocrx_word' id='word_1_191' title='bbox 1409 1843 1571 1881; x_wconf 88' lang='lat' dir='ltr'>infantia</span> <span class='ocrx_word' id='word_1_192' title='bbox 1601 1842 1653 1881; x_wconf 87' lang='lat' dir='ltr'>ita</span> 
     </span>
     <span class='ocr_line' id='line_1_25' title="bbox 325 1905 1648 1957; baseline 0.002 -14"><span class='ocrx_word' id='word_1_193' title='bbox 325 1907 414 1944; x_wconf 73' lang='lat' dir='ltr'>sictt</span> <span class='ocrx_word' id='word_1_194' title='bbox 449 1907 569 1944; x_wconf 92' lang='lat' dir='ltr'>homo</span> <span class='ocrx_word' id='word_1_195' title='bbox 609 1905 871 1955; x_wconf 76' lang='lat' dir='ltr'>nequissimus</span> <span class='ocrx_word' id='word_1_196' title='bbox 911 1920 933 1944; x_wconf 88' lang='lat' dir='ltr'>a</span> <span class='ocrx_word' id='word_1_197' title='bbox 967 1907 1097 1945; x_wconf 82' lang='lat' dir='ltr'>Salvio</span> <span class='ocrx_word' id='word_1_198' title='bbox 1136 1908 1276 1946; x_wconf 86' lang='lat' dir='ltr'>liberto</span> <span class='ocrx_word' id='word_1_199' title='bbox 1316 1910 1549 1957; x_wconf 76' lang='lat' dir='ltr'>depravatus</span> <span class='ocrx_word' id='word_1_200' title='bbox 1581 1916 1648 1946; x_wconf 87' lang='lat' dir='ltr'>est.</span> 
     </span>
     <span class='ocr_line' id='line_1_26' title="bbox 327 1972 1711 2023; baseline 0.004 -16"><span class='ocrx_word' id='word_1_201' title='bbox 327 1972 466 2020; x_wconf 81' lang='lat' dir='ltr'>Itaque</span> <span class='ocrx_word' id='word_1_202' title='bbox 498 1972 660 2020; x_wconf 87' lang='lat' dir='ltr'>posthac</span> <span class='ocrx_word' id='word_1_203' title='bbox 688 1985 769 2009; x_wconf 88' lang='lat' dir='ltr'>non</span> <span class='ocrx_word' id='word_1_204' title='bbox 802 1972 969 2010; x_wconf 85' lang='lat' dir='ltr'>scribam</span> <span class='ocrx_word' id='word_1_205' title='bbox 999 1974 1049 2010; x_wconf 84' lang='lat' dir='ltr'>ad</span> <span class='ocrx_word' id='word_1_206' title='bbox 1083 1981 1120 2011; x_wconf 84' lang='lat' dir='ltr'>te</span> <span class='ocrx_word' id='word_1_207' title='bbox 1152 1973 1247 2023; x_wconf 89' lang='lat' dir='ltr'>quid</span> <span class='ocrx_word' id='word_1_208' title='bbox 1279 1975 1448 2011; x_wconf 85' lang='lat' dir='ltr'>facturus</span> <span class='ocrx_word' id='word_1_209' title='bbox 1479 1972 1551 2009; x_wconf 76' lang='lat' dir='ltr'>sim</span> <span class='ocrx_word' id='word_1_210' title='bbox 1583 1973 1652 2010; x_wconf 87' lang='lat' dir='ltr'>sed</span> <span class='ocrx_word' id='word_1_211' title='bbox 1675 1982 1711 2012; x_wconf 87' lang='lat'>25</span> 
     </span>
    </p>
   </div>
   <div class='ocr_carea' id='block_1_5' title="bbox 325 2074 1657 2421">
    <p class='ocr_par' dir='ltr' id='par_1_7' title="bbox 325 2074 1657 2421">
     <span class='ocr_line' id='line_1_27' title="bbox 372 2074 1656 2116; baseline 0.002 -13"><span class='ocrx_word' id='word_1_212' title='bbox 372 2083 384 2103; x_wconf 94' lang='lat'>1</span> <span class='ocrx_word' id='word_1_213' title='bbox 412 2074 588 2106; x_wconf 82' lang='lat' dir='ltr'>refricatur</span> <span class='ocrx_word' id='word_1_214' title='bbox 607 2076 774 2107; x_wconf 75' lang='lat' dir='ltr'>Corradus</span> <span class='ocrx_word' id='word_1_215' title='bbox 877 2086 896 2116; x_wconf 87' lang='lat'>5</span> <span class='ocrx_word' id='word_1_216' title='bbox 920 2078 1119 2107; x_wconf 74' lang='lat' dir='ltr'>viderentur</span> <span class='ocrx_word' id='word_1_217' title='bbox 1136 2078 1214 2108; x_wconf 82' lang='lat' dir='ltr'>com&#39;,</span> <span class='ocrx_word' id='word_1_218' title='bbox 1234 2077 1432 2116; x_wconf 71' lang='lat' dir='ltr'>Olrllz‘,f01·l.</span> <span class='ocrx_word' id='word_1_219' title='bbox 1453 2081 1526 2107; x_wconf 74' lang='lat' dir='ltr'>recle</span> <span class='ocrx_word' id='word_1_220' title='bbox 1635 2078 1656 2106; x_wconf 92' lang='lat'><strong>6</strong></span> 
     </span>
     <span class='ocr_line' id='line_1_28' title="bbox 325 2117 1653 2160; baseline 0.003 -14"><span class='ocrx_word' id='word_1_221' title='bbox 325 2117 434 2148; x_wconf 84' lang='lat' dir='ltr'>sutura</span> <span class='ocrx_word' id='word_1_222' title='bbox 450 2119 524 2149; x_wconf 80' lang='lat' dir='ltr'>add.</span> <span class='ocrx_word' id='word_1_223' title='bbox 546 2120 720 2150; x_wconf 77' lang='lat' dir='ltr'>Lehmann</span> <span class='ocrx_word' id='word_1_224' title='bbox 905 2132 922 2160; x_wconf 85' lang='lat'><strong>7</strong></span> <span class='ocrx_word' id='word_1_225' title='bbox 948 2122 980 2151; x_wconf 91' lang='lat' dir='ltr'>id</span> <span class='ocrx_word' id='word_1_226' title='bbox 999 2121 1039 2150; x_wconf 93' lang='lat' dir='ltr'><em>M</em></span> <span class='ocrx_word' id='word_1_227' title='bbox 1053 2122 1139 2158; x_wconf 56' lang='lat' dir='ltr'>vulg.</span> <span class='ocrx_word' id='word_1_228' title='bbox 1162 2133 1168 2152; x_wconf 84' lang='lat' dir='ltr'>z</span> <span class='ocrx_word' id='word_1_229' title='bbox 1194 2121 1277 2151; x_wconf 85' lang='lat' dir='ltr'>Inde</span> <span class='ocrx_word' id='word_1_230' title='bbox 1296 2121 1382 2150; x_wconf 63' lang='lat' dir='ltr'>Reid</span> <span class='ocrx_word' id='word_1_231' title='bbox 1477 2131 1550 2151; x_wconf 79' lang='lat' dir='ltr'>cras</span> <span class='ocrx_word' id='word_1_232' title='bbox 1573 2120 1653 2155; x_wconf 60' lang='lat' dir='ltr'>erit]</span> 
     </span>
     <span class='ocr_line' id='line_1_29' title="bbox 325 2160 1657 2205; baseline 0.002 -16"><span class='ocrx_word' id='word_1_233' title='bbox 325 2160 436 2200; x_wconf 72' lang='grc' dir='ltr'>ἀκραὲς</span> <span class='ocrx_word' id='word_1_234' title='bbox 453 2163 517 2191; x_wconf 88' lang='lat' dir='ltr'>erit</span> <span class='ocrx_word' id='word_1_235' title='bbox 535 2164 665 2200; x_wconf 76' lang='lat' dir='ltr'>Rosius,</span> <span class='ocrx_word' id='word_1_236' title='bbox 684 2165 864 2205; x_wconf 60' lang='lat' dir='ltr'>ingeniose:</span> <span class='ocrx_word' id='word_1_237' title='bbox 895 2164 1064 2194; x_wconf 81' lang='lat' dir='ltr'>transierit</span> <span class='ocrx_word' id='word_1_238' title='bbox 1083 2164 1199 2194; x_wconf 67' lang='lat' dir='ltr'>Zz&#39;rlim</span> <span class='ocrx_word' id='word_1_239' title='bbox 1314 2165 1334 2194; x_wconf 88' lang='grc'>8</span> <span class='ocrx_word' id='word_1_240' title='bbox 1359 2164 1403 2196; x_wconf 75' lang='lat' dir='ltr'>sil</span> <span class='ocrx_word' id='word_1_241' title='bbox 1422 2174 1488 2203; x_wconf 88' lang='lat' dir='ltr'>quo</span> <span class='ocrx_word' id='word_1_242' title='bbox 1505 2163 1657 2194; x_wconf 76' lang='lat' dir='ltr'>Sclnmdt</span> 
     </span>
     <span class='ocr_line' id='line_1_30' title="bbox 327 2204 1656 2247; baseline 0.002 -14"><span class='ocrx_word' id='word_1_243' title='bbox 327 2210 361 2233; x_wconf 86' lang='lat' dir='ltr'>ut</span> <span class='ocrx_word' id='word_1_244' title='bbox 378 2204 454 2237; x_wconf 81' lang='lat' dir='ltr'>add.</span> <span class='ocrx_word' id='word_1_245' title='bbox 472 2205 661 2247; x_wconf 73' lang='lat' dir='ltr'>Malaspina</span> <span class='ocrx_word' id='word_1_246' title='bbox 777 2219 819 2238; x_wconf 89' lang='lat'>20</span> <span class='ocrx_word' id='word_1_247' title='bbox 844 2209 975 2244; x_wconf 63' lang='lat' dir='ltr'>gaudeo</span> <span class='ocrx_word' id='word_1_248' title='bbox 996 2208 1155 2238; x_wconf 72' lang='lat' dir='ltr'>Vrssuns:</span> <span class='ocrx_word' id='word_1_249' title='bbox 1189 2209 1355 2247; x_wconf 83' lang='lat' dir='ltr'>gaudeam</span> <span class='ocrx_word' id='word_1_250' title='bbox 1374 2207 1428 2238; x_wconf 91' lang='lat' dir='ltr'>M:</span> <span class='ocrx_word' id='word_1_251' title='bbox 1468 2207 1656 2245; x_wconf 80' lang='lat' dir='ltr'>gaudebam</span> 
     </span>
     <span class='ocr_line' id='line_1_31' title="bbox 328 2246 1653 2290; baseline 0.004 -15"><span class='ocrx_word' id='word_1_252' title='bbox 328 2246 423 2278; x_wconf 55' lang='lat' dir='ltr'>illan.</span> <span class='ocrx_word' id='word_1_253' title='bbox 441 2261 446 2279; x_wconf 91' lang='lat'>:</span> <span class='ocrx_word' id='word_1_254' title='bbox 483 2255 535 2280; x_wconf 84' lang='lat' dir='ltr'>est</span> <span class='ocrx_word' id='word_1_255' title='bbox 552 2252 638 2289; x_wconf 83' lang='lat' dir='ltr'>quod</span> <span class='ocrx_word' id='word_1_256' title='bbox 658 2253 820 2290; x_wconf 84' lang='lat' dir='ltr'>gaudeam</span> <span class='ocrx_word' id='word_1_257' title='bbox 845 2252 968 2290; x_wconf 65' lang='lat' dir='ltr'>Twwll</span> <span class='ocrx_word' id='word_1_258' title='bbox 1077 2263 1130 2290; x_wconf 77' lang='lat'>23,</span> <span class='ocrx_word' id='word_1_259' title='bbox 1148 2262 1188 2290; x_wconf 81' lang='lat'>24</span> <span class='ocrx_word' id='word_1_260' title='bbox 1215 2252 1349 2281; x_wconf 66' lang='lat' dir='ltr'>suerunt</span> <span class='ocrx_word' id='word_1_261' title='bbox 1368 2251 1470 2281; x_wconf 77' lang='lat' dir='ltr'>fatua.</span> <span class='ocrx_word' id='word_1_262' title='bbox 1519 2251 1569 2280; x_wconf 85' lang='lat' dir='ltr'>Ita</span> <span class='ocrx_word' id='word_1_263' title='bbox 1586 2251 1653 2280; x_wconf 81' lang='lat' dir='ltr'>fiet.</span> 
     </span>
     <span class='ocr_line' id='line_1_32' title="bbox 328 2290 1654 2340; baseline 0.002 -20"><span class='ocrx_word' id='word_1_264' title='bbox 328 2290 343 2340; x_wconf 55' lang='lat' dir='ltr'>&#39;J‘</span> <span class='ocrx_word' id='word_1_265' title='bbox 362 2292 377 2309; x_wconf 70' lang='lat'>&#39;⁹‘</span> <span class='ocrx_word' id='word_1_266' title='bbox 395 2292 494 2322; x_wconf 84' lang='lat' dir='ltr'>horno</span> <span class='ocrx_word' id='word_1_267' title='bbox 512 2294 596 2324; x_wconf 64' lang='lat' dir='ltr'>Reid</span> <span class='ocrx_word' id='word_1_268' title='bbox 610 2296 653 2324; x_wconf 72' lang='lat' dir='ltr'>ila</span> <span class='ocrx_word' id='word_1_269' title='bbox 672 2299 708 2324; x_wconf 78' lang='lat' dir='ltr'>ut</span> <span class='ocrx_word' id='word_1_270' title='bbox 724 2307 842 2324; x_wconf 71' lang='lat' dir='ltr'>nomen</span> <span class='ocrx_word' id='word_1_271' title='bbox 861 2295 1007 2324; x_wconf 59' lang='lat' dir='ltr'>tabrllari</span> <span class='ocrx_word' id='word_1_272' title='bbox 1016 2295 1174 2325; x_wconf 67' lang='lat' dir='ltr'>Ciceronis</span> <span class='ocrx_word' id='word_1_273' title='bbox 1185 2294 1347 2325; x_wconf 54' lang='lat' dir='ltr'>craderii:</span> <span class='ocrx_word' id='word_1_274' title='bbox 1373 2295 1508 2324; x_wconf 81' lang='lat' dir='ltr'>suerunt</span> <span class='ocrx_word' id='word_1_275' title='bbox 1523 2294 1654 2324; x_wconf 80' lang='lat' dir='ltr'>inania:</span> 
     </span>
     <span class='ocr_line' id='line_1_33' title="bbox 329 2336 1656 2383; baseline 0.002 -17"><span class='ocrx_word' id='word_1_276' title='bbox 329 2336 361 2383; x_wconf 55' lang='lat' dir='ltr'>[d</span> <span class='ocrx_word' id='word_1_277' title='bbox 381 2336 424 2366; x_wconf 82' lang='lat' dir='ltr'>ita</span> <span class='ocrx_word' id='word_1_278' title='bbox 443 2336 496 2367; x_wconf 79' lang='lat' dir='ltr'>fit:</span> <span class='ocrx_word' id='word_1_279' title='bbox 526 2338 624 2367; x_wconf 85' lang='lat' dir='ltr'>homo</span> <span class='ocrx_word' id='word_1_280' title='bbox 643 2339 720 2369; x_wconf 67' lang='lat'><em>(0111&#39;.</em></span> <span class='ocrx_word' id='word_1_281' title='bbox 744 2338 947 2378; x_wconf 48' lang='lat' dir='ltr'>llh‘senhmg:</span> <span class='ocrx_word' id='word_1_282' title='bbox 981 2339 1073 2368; x_wconf 81' lang='lat' dir='ltr'>suere</span> <span class='ocrx_word' id='word_1_283' title='bbox 1100 2339 1213 2369; x_wconf 86' lang='lat' dir='ltr'>inania</span> <span class='ocrx_word' id='word_1_284' title='bbox 1237 2339 1336 2368; x_wconf 82' lang='lat' dir='ltr'>fidei:</span> <span class='ocrx_word' id='word_1_285' title='bbox 1371 2338 1471 2368; x_wconf 89' lang='lat' dir='ltr'>homo</span> <span class='ocrx_word' id='word_1_286' title='bbox 1497 2336 1656 2378; x_wconf 63' lang='lat' dir='ltr'>llladmg:</span> 
     </span>
     <span class='ocr_line' id='line_1_34' title="bbox 330 2380 1182 2421; baseline 0.004 -13"><span class='ocrx_word' id='word_1_287' title='bbox 330 2380 464 2410; x_wconf 76' lang='lat' dir='ltr'>fuerunt</span> <span class='ocrx_word' id='word_1_288' title='bbox 483 2381 629 2412; x_wconf 82' lang='lat' dir='ltr'>infamia.</span> <span class='ocrx_word' id='word_1_289' title='bbox 681 2381 729 2412; x_wconf 84' lang='lat' dir='ltr'>Ita</span> <span class='ocrx_word' id='word_1_290' title='bbox 747 2382 799 2411; x_wconf 84' lang='lat' dir='ltr'>hic</span> <span class='ocrx_word' id='word_1_291' title='bbox 818 2382 905 2421; x_wconf 70' lang='lat' dir='ltr'>(adv.</span> <span class='ocrx_word' id='word_1_292' title='bbox 942 2382 1041 2412; x_wconf 88' lang='lat' dir='ltr'>horno</span> <span class='ocrx_word' id='word_1_293' title='bbox 1061 2382 1182 2412; x_wconf 75' lang='lat' dir='ltr'>Gm-lstt</span> 
     </span>
    </p>
   </div>
  </div>
 </body>
</html>
