1827 2798
175 136 285 173 XIV.
307 136 383 172 xiv
691 134 746 171 M.
779 133 948 170 TVLLI
979 133 1286 172 CICERONIS

326 246 435 283 bitne
455 244 612 283 decerni
630 243 782 281 libere?
821 242 860 281 si
876 242 1274 290 licuerit,libertatem
1297 256 1381 282 esse
1401 243 1652 295 reciperatam

326 310 524 356 laetabor‚·
562 308 593 346 si
625 321 705 346 non
738 307 899 354 licuerit,
933 307 1029 357 quid
1065 307 1160 345 mihi
1194 308 1365 346 attulerit
1399 308 1471 346 ista
1505 308 1654 347 domini

326 374 491 412 mutatio
525 381 677 424 praeter
708 372 895 411 laetitiam
931 386 1049 422 quam
1085 373 1209 411 oculis
1244 373 1330 423 cepi
1364 373 1468 411 iusto
1499 373 1654 412 interitu

280 453 304 489 5
328 438 509 489 tyranni?
558 438 732 488 Rapinas
763 437 898 476 scribis
927 439 977 475 ad
1007 438 1104 487 Opis
1134 438 1213 476 fieri
1229 453 1238 486 3
1273 452 1369 488 quas
1397 452 1469 476 nos
1497 452 1656 488 quoque

326 512 408 542 tum
434 503 678 542 videbamus.
739 505 801 541 Ne
833 516 905 541 nos
935 510 972 541 et
999 503 1151 541 liberati
1185 504 1236 541 ab
1267 503 1428 553 egregiis
1459 503 1548 541 viris
1584 516 1656 540 nec

325 569 435 607 liberi
475 582 620 607 sumus.
692 566 753 606 Ita
796 570 879 606 laus
924 568 1078 605 illorum
1123 576 1190 615 est,
1234 569 1349 618 culpa
1392 575 1535 606 nostra.
1607 570 1656 605 Et

324 633 488 672 hortaris
520 647 582 672 me
609 640 651 671 ut
678 632 858 671 historias
885 632 1065 680 scribam,
1088 640 1131 670 ut
1159 632 1355 682 conligam
1382 639 1491 670 tanta
1520 645 1655 670 eorum

324 700 470 737 scelera
503 712 526 736 a
560 698 703 748 quibus
742 697 860 736 etiam
903 710 1008 734 nunc
1049 697 1303 735 obsidemur!
1354 699 1550 735 Poterone
1589 710 1656 734 eos

324 764 430 814 ipsos
460 777 541 802 non
571 764 729 802 laudare
757 762 823 812 qui
850 770 888 801 te
918 762 1210 812 obsignatorem
1240 762 1523 801 adhibuerint?
1570 763 1656 800 Nec

327 842 390 867 me
410 830 568 867 hercule
589 842 652 866 me
673 829 953 866 raudusculum
975 834 1116 874 movet,
1133 828 1203 866 sed
1224 826 1406 866 homines
1427 827 1653 873 benevolos,

275 904 303 940 6
327 896 636 944 qualescumque
666 900 767 940 sunt,
789 906 904 943 grave
931 899 989 930 est
1012 891 1166 942 insequi
1193 892 1443 930 contumelia.
1504 892 1582 930 Sed
1607 892 1657 929 de

326 960 512 998 omnibus
540 959 636 997 meis
665 958 847 1005 consiliis,
872 965 913 996 ut
941 957 1088 1005 scribis,
1112 957 1292 996 existimo
1321 956 1557 1007 exploratius
1584 970 1656 994 nos

324 1026 374 1063 ad
405 1026 455 1062 K.
478 1024 611 1062 Iunias
639 1024 808 1062 statuere
834 1036 963 1073 posse.
1020 1024 1086 1061 Ad
1111 1037 1207 1073 quas
1235 1024 1356 1062 adero
1384 1030 1422 1061 et
1448 1021 1557 1061 omni
1581 1035 1657 1072 ope

323 1097 442 1139 atque
469 1103 588 1140 opera
614 1089 747 1135 enitar,
771 1088 981 1127 adiuvante
1010 1102 1072 1126 me
1102 1088 1250 1127 scilicet
1275 1088 1507 1127 auctoritate
1532 1095 1599 1126 tua
1619 1096 1656 1126 et

323 1156 444 1206 gratia
471 1163 508 1194 et
533 1169 687 1193 summa
713 1154 910 1204 aequitate
940 1167 1091 1201 causae,
1115 1162 1156 1192 ut
1177 1156 1227 1192 de
1254 1154 1469 1192 Buthrotiis
1498 1161 1657 1192 senatus

324 1222 549 1259 consultum
589 1221 704 1269 quale
743 1218 879 1257 scribis
918 1220 994 1256 fiat.
1055 1219 1176 1267 Quod
1217 1233 1279 1257 me
1320 1219 1489 1269 cogitare
1530 1218 1654 1266 iubes,

323 1285 506 1335 cogitabo
527 1284 727 1335 equidemj
747 1284 818 1322 etsi
839 1283 910 1321 tibi
931 1285 1117 1322 dederam
1144 1284 1340 1334 superiore
1369 1285 1535 1334 epistula
1557 1283 1657 1333 cogi-

323 1353 500 1390 tandum.
559 1352 621 1388 Tu
649 1358 780 1388 autem
802 1349 913 1399 quasi
938 1349 1016 1386 iam
1043 1349 1257 1399 reciperata
1278 1364 1318 1388 re
1341 1350 1499 1400 publica
1519 1349 1656 1387 vicinis

323 1416 399 1454 tuis
435 1414 750 1453 Massiliensibus
789 1427 859 1451 sua
889 1413 1031 1452 reddis.
1098 1416 1213 1452 Haec
1248 1414 1376 1461 armis,
1406 1428 1506 1464 quae
1537 1428 1655 1463 quam

323 1483 434 1520 firma
454 1482 672 1519 habeamus
700 1479 847 1530 ignoro,
871 1479 1021 1518 restitui
1042 1481 1205 1519 fortasse
1227 1488 1402 1531 possunt,
1425 1480 1656 1518 auctoritate

325 1561 406 1586 non
427 1553 602 1597 possunt.

281 1618 304 1668 7
382 1613 561 1663 Epistula
590 1611 717 1650 brevis
750 1626 851 1662 quae
881 1619 1018 1662 postea
1044 1625 1067 1649 a
1094 1619 1132 1650 te
1167 1611 1310 1662 scripta
1349 1619 1407 1650 est
1437 1625 1531 1650 sane
1561 1611 1656 1649 mihi

200 1666 252 1692 ‘xv
274 1669 397 1717 1)fuit
427 1679 600 1716 iucunda
630 1679 679 1716 de
712 1677 820 1715 Bruti
850 1678 901 1715 ad
927 1677 1149 1715 Antonium
1180 1686 1217 1716 et
1249 1680 1299 1716 de
1331 1678 1509 1716 eiusdem
1539 1679 1589 1716 ad
1620 1686 1657 1715 te

325 1744 470 1781 litteris.
532 1745 652 1780 Posse
679 1742 861 1780 videntur
889 1755 974 1780 esse
1003 1742 1165 1780 meliora
1185 1756 1304 1792 quam
1329 1744 1460 1781 adhuc
1487 1744 1654 1780 fuerunt.

325 1810 402 1847 Sed
438 1807 552 1845 nobis
588 1807 654 1845 ubi
695 1807 816 1845 simus
855 1814 893 1845 et
927 1820 1008 1856 quo
1042 1806 1119 1844 iam
1160 1821 1266 1846 nunc
1301 1821 1373 1846 nos
1408 1808 1656 1846 conferamus
1679 1819 1691 1838 2

324 1873 613 1924 providendum
643 1879 711 1910 est.

368 2019 452 2054 XV
643 2022 713 2053 Ser.
732 2022 765 2052 ιἰι
786 2022 939 2053 Cumano
955 2023 999 2054 K.
1021 2023 1101 2054 Mai.
1123 2034 1152 2054 a.
1174 2034 1231 2062 710
1250 2023 1336 2065 (44).

732 2110 901 2140 CICERO
931 2109 1112 2141 ATTICO
1137 2111 1243 2143 SAL.

214 2215 230 2240 Ι
262 2208 300 2241 ἐδ
379 2202 415 2239 O
438 2199 645 2238 mirificum
670 2201 918 2238 Dolabellam
949 2205 1106 2239 meum!
1138 2201 1213 2239 iam
1245 2200 1351 2240 enim
1379 2200 1471 2239 dico
1497 2214 1656 2249 meum3

322 2273 448 2311 antea,
471 2266 588 2303 crede
609 2264 718 2311 mihi,
735 2265 1055 2304 subdubitabam.
1113 2268 1301 2316 Magnam
1324 2267 1577 2316 ἀναθεώρησιν
1596 2280 1655 2305 res
1679 2281 1693 2311 3,

370 2370 407 2398 18
425 2368 560 2398 vicinisl
570 2368 652 2406 fort.
669 2368 784 2398 amicis
922 2378 964 2406 25
990 2380 1079 2399 nunc
1099 2369 1164 2401 secl.
1186 2369 1291 2400 Boot:
1315 2370 1380 2401 iam
1398 2380 1488 2400 nunc
1506 2374 1654 2411 transpo-

322 2412 469 2443 nendum
488 2415 563 2441 (mle
579 2412 825 2451 providendum
843 2413 953 2442 com'ct't
970 2410 1157 2453 I'Vesenbetg

1678 515 1694 546 5

1680 840 1717 861 10

1683 1164 1716 1195 15

1678 1491 1717 1512 20
