1827 2798
556 131 668 167 EPP.
701 130 777 167 AD
808 129 1067 169 ATTICVM
1370 127 1456 163 XV.
1481 125 1556 161 xiii

206 242 320 280 Haec
351 254 441 279 cum
476 241 696 288 scriberem,
730 248 881 279 tantum
912 241 1020 291 quod
1049 238 1319 279 existimabam
1353 237 1404 275 ad
1439 243 1518 284 te7

151 306 368 345 orationem
391 319 475 344 esse
491 307 690 355 perlatam.
745 305 840 353 Hui,
857 319 974 355 quam
997 305 1117 343 timeo
1138 304 1233 354 quid
1255 302 1451 342 existimes
1469 304 1476 339 Σ

154 370 236 408 Etsi
263 370 359 420 quid
386 371 436 408 ad
464 372 556 408 me?
586 384 686 420 quae
717 383 797 409 non
823 370 870 409 sit
894 372 995 408 foras
1026 369 1226 420 proditura
1256 368 1328 406 nisi
1351 382 1389 406 re
1411 380 1477 418 pu-

152 435 254 473 blica
274 434 497 484 reciperata.
559 436 621 472 De
641 447 721 484 quo
743 434 838 484 quid
859 448 1011 484 sperem
1031 447 1112 472 non
1133 435 1262 472 audeo
1283 432 1462 471 scribere.

112 554 128 585 5
194 540 305 575 XIV
417 543 488 575 Ser.
504 544 537 574 in
561 543 749 575 Tusculano
766 556 785 575 v
801 545 843 575 K.
865 545 977 584 Quint.
998 556 1027 575 a.
1050 555 1107 583 710
1125 544 1214 584 (44l.

561 621 734 652 CICERO
757 621 936 652 ATTICO
959 621 1066 653 SAL.

204 705 244 730 vt
277 693 446 731 Kalend.
478 692 612 742 accepi
641 706 664 730 a
696 693 902 731 Dolabella
930 692 1085 731 litteras.
1145 693 1323 741 Quarum
1353 703 1477 730 exem·
1499 700 1515 727 Ι

151 758 259 807 plum
289 757 359 795 tibi
391 757 488 795 misi.
550 759 597 795 In
627 757 769 807 quibus
800 765 879 796 erat
909 757 1042 796 omnia
1071 771 1111 797 se
1140 757 1277 796 fecisse
1307 770 1407 806 quae
1437 763 1478 793 tu

151 823 279 860 velles.
350 821 487 859 Statim
528 821 563 860 ei
601 821 778 871 rescripsi
817 829 854 860 et
893 822 1024 860 multis
1062 822 1188 860 verbis
1227 820 1366 871 gratias
1405 819 1475 869 egi.

94 902 132 924 10
152 887 230 925 Sed
269 893 400 924 tamen
439 900 490 924 ne
529 887 729 925 miraretur
766 901 834 925 eur
872 886 977 925 idem
1016 887 1154 925 iterum
1190 888 1368 932 facerem,
1402 886 1478 922 hoc

151 964 292 990 causae
312 951 460 1001 sumpsi
482 953 590 1001 quod
616 965 662 990 ex
688 959 725 990 te
752 952 837 1002 ipso
857 965 988 990 coram
1012 959 1127 989 antea
1147 951 1242 988 nihil
1264 950 1479 1000 potuissem

152 1029 400 1066 cognoscere.
460 1017 537 1054 Sed
559 1016 653 1066 quid
675 1018 825 1054 multa?
853 1016 996 1054 litteras
1017 1017 1093 1054 hoc
1114 1017 1294 1065 exemplo
1315 1014 1407 1053 dedi
1427 1030 1434 1052 :

343 1082 577 1120 ‘CICERO
614 1082 986 1119 DOLABELLAE
1017 1080 1130 1119 COS.
1166 1080 1281 1117 SVO.

154 1150 282 1185 Antea
311 1159 401 1184 cum
433 1145 568 1183 litteris
592 1145 713 1183 Attici
742 1144 863 1183 nostri
892 1145 942 1183 de
971 1151 1037 1182 tua
1067 1157 1220 1181 summa
1249 1142 1478 1181 liberalitate
1498 1152 1522 1179 2

97 1228 131 1259 15
153 1224 388 1260 summoque
419 1224 508 1260 erga
537 1223 577 1248 se
607 1209 800 1248 beneficio
829 1208 969 1247 certior
997 1210 1121 1247 factus
1151 1222 1277 1247 essem
1308 1221 1479 1258 cumque

152 1285 193 1314 tu
215 1276 298 1326 ipse
319 1276 434 1314 etiam
456 1276 507 1313 ad
529 1288 591 1313 me
612 1274 829 1324 scripsisses
849 1281 887 1311 te
907 1273 1044 1311 fecisse
1065 1287 1110 1311 ea
1131 1287 1231 1323 quae
1252 1287 1324 1311 nos
1341 1273 1480 1311 voluis-

153 1354 294 1388 semus,
317 1340 377 1391 egi
405 1339 475 1378 tibi
504 1339 644 1390 gratias
674 1351 742 1388 per
770 1338 915 1376 litteras
942 1337 986 1375 iis
1013 1338 1140 1376 verbis
1165 1345 1206 1375 ut
1237 1338 1479 1388 intellegeres

152 1405 248 1443 nihil
280 1413 318 1444 te
352 1404 447 1442 mihi
478 1404 622 1455 gratius
656 1404 782 1441 facere
816 1401 1000 1452 potuisse.
1060 1404 1202 1441 Postea
1236 1416 1326 1440 vero
1361 1416 1478 1452 quam

152 1470 235 1520 ipse
264 1469 417 1508 Atticus
451 1470 503 1508 ad
532 1482 595 1507 me
625 1467 729 1506 venit
762 1466 803 1504 in
831 1467 1101 1504 Tusculanum
1133 1466 1248 1504 huius
1282 1466 1397 1505 unius
1427 1466 1480 1505 rei

96 1552 134 1574 20
153 1549 270 1574 causa
299 1535 369 1574 tibi
399 1543 441 1573 ut
469 1536 575 1584 apud
606 1547 668 1572 me
691 1532 830 1584 gratias
856 1539 996 1582 ageret,
1019 1531 1129 1570 cuius
1156 1532 1337 1570 eximiam
1362 1546 1480 1582 quan-

153 1602 244 1639 dam
266 1608 303 1639 et
323 1599 594 1638 admirabilem
616 1599 655 1636 in
677 1611 794 1637 causa
808 1596 1014 1635 Buthrotia
1033 1598 1274 1635 voluntatem
1297 1603 1334 1635 et
1355 1596 1480 1646 singu-

152 1668 272 1704 larem
302 1678 391 1715 erga
417 1678 458 1703 se
487 1677 661 1702 amorem
692 1662 960 1713 perspexisset,
990 1661 1112 1699 teneri
1139 1674 1219 1699 non
1249 1661 1358 1711 potui
1385 1661 1480 1710 quin

153 1730 223 1768 tibi
243 1729 413 1780 apertius
430 1729 526 1767 illud
547 1728 652 1766 idem
673 1728 733 1766 his
754 1726 888 1765 litteris
909 1727 1158 1764 declararem.
1219 1728 1277 1763 Ex
1297 1726 1481 1764 omnibus

154 1794 270 1842 enim,
299 1794 354 1832 mi
386 1794 604 1840 Dolabella,
634 1792 771 1831 studiis
801 1792 841 1830 in
872 1805 934 1830 me
964 1799 1001 1829 et
1031 1790 1167 1829 officiis
1198 1804 1298 1840 quae
1328 1804 1482 1828 summa

97 1874 136 1906 25
155 1867 245 1898 sunt
274 1861 350 1897 hoc
380 1859 478 1898 scito
508 1858 604 1896 mihi
633 1866 670 1896 et
699 1856 984 1907 amplissimum
1010 1855 1132 1894 videri
1158 1863 1198 1894 et
1220 1855 1480 1906 gratissimum

155 1938 239 1963 esse
260 1926 368 1974 quod
388 1924 593 1974 perfeceris
617 1931 659 1961 ut
680 1922 833 1961 Atticus
862 1922 1100 1972 intellegeret
1122 1929 1312 1970 quantum
1337 1934 1409 1970 ego
1430 1928 1478 1967 te,

155 1997 347 2038 quantum
377 1996 418 2026 tu
448 2002 511 2027 me
539 2001 700 2026 amares.
760 1988 881 2036 Quod
911 1987 1104 2036 reliquum
1135 1993 1203 2032 est,
1234 1984 1479 2022 Buthrotiam
1499 1994 1523 2031 3

155 2062 193 2092 et
214 2067 372 2092 eausam
393 2060 430 2091 et
451 2053 658 2099 civitatem,
676 2065 916 2101 quamquam
936 2064 959 2088 a
979 2059 1017 2089 te
1038 2050 1250 2088 constituta
1271 2057 1327 2087 est
1349 2050 1482 2099 (bene-

156 2119 243 2156 ficia
263 2126 394 2156 autem
422 2126 553 2155 nostra
579 2116 677 2155 tueri
704 2115 904 2165 solemus),
927 2123 1059 2153 tamen
1080 2115 1196 2152 velim
1225 2122 1420 2164 receptam
1441 2113 1480 2151 in

99 2197 138 2228 30
158 2184 276 2221 fidem
298 2190 404 2220 tuam
424 2195 447 2219 a
474 2195 615 2230 meque
640 2181 756 2219 etiam
782 2188 900 2230 atque
927 2179 1043 2217 etiam
1071 2179 1140 2217 tibi
1161 2180 1481 2217 commendatam

156 2247 386 2286 auctoritate
417 2255 454 2285 et
485 2246 627 2284 auxilio
657 2254 724 2284 tuo
758 2253 901 2284 tectam
933 2244 1026 2282 velis
1058 2257 1152 2283 esse.
1213 2244 1312 2282 Satis
1342 2243 1412 2282 erit
1442 2243 1480 2281 in

201 2363 220 2382 2
245 2351 418 2391 perlatam.
462 2351 530 2381 Hui
546 2351 584 2382 C:
610 2351 729 2390 perhui
747 2350 788 2380 0¹
804 2362 811 2380 ε
837 2350 973 2389 praebui
987 2348 1042 2379 M:
1067 2349 1171 2388 perP
1255 2358 1274 2387 3
1292 2348 1387 2388 quid]
1401 2349 1481 2389 quid

159 2396 189 2425 id
208 2395 396 2434 lVescnberg
483 2405 524 2425 20
549 2395 642 2424 cuius
656 2395 757 2424 Rom.
776 2405 783 2426 z
810 2398 845 2423 ut
860 2399 928 2423 tum
949 2392 999 2421 M¹
1091 2403 1132 2422 22
1156 2402 1238 2428 erga
1255 2402 1291 2422 se
1310 2392 1378 2423 M-·:
1402 2403 1482 2431 erga

159 2449 210 2469 me
225 2436 263 2468 22
281 2443 309 2469 et
324 2438 377 2468 M²
393 2437 532 2479 (aliter):
557 2448 637 2477 erga
654 2449 672 2468 e
689 2436 743 2467 Ml
834 2446 876 2475 24
896 2439 972 2476 post
985 2436 1104 2466 officiis
1119 2435 1195 2467 add.
1212 2435 1276 2465 tuis
1297 2435 1486 2476 Wesenbetg
