1827 2798
574 130 685 168 EPP.
717 131 794 167 AD
824 129 1082 169 ATTICVM
1397 130 1484 166 XV.
1504 128 1627 164 xxvii

168 239 361 290 proficisci
399 254 563 290 seseque
601 242 651 279 ad
691 255 753 279 me
791 240 831 278 in
864 241 1133 278 Tusculanum
1167 238 1371 289 scripserat
1409 252 1495 276 esse

167 312 384 343 venturum.
458 307 526 351 Te,
561 314 603 343 ut
640 320 663 343 a
701 319 764 344 me
802 305 1036 352 discesseris,
1071 304 1293 342 lacrimasse
1331 305 1540 341 moleste2

168 370 350 408 ferebam.
411 372 532 419 Quod
561 371 592 408 si
623 385 686 409 me
715 379 918 421 praesente
947 370 1114 416 fecisses,
1138 369 1345 407 consilium
1378 368 1496 406 totius

169 433 315 472 itineris
354 436 514 473 fortasse
549 443 771 473 mutassem.
845 436 922 473 Sed
960 435 1056 473 illud
1090 436 1285 484 praeclare
1316 435 1424 484 quod
1459 441 1497 472 te

131 512 148 543 5
168 501 369 538 consolata
398 507 455 537 est
486 513 573 549 spes
602 500 707 538 brevi
735 508 910 550 tempore
939 499 1245 549 congrediendi3
1283 513 1385 549 quae
1415 498 1498 549 qui-

167 565 259 602 dem
280 564 519 613 exspectatio
549 578 612 602 me
643 565 809 602 maxime
839 572 1040 602 sustentat.
1102 566 1218 602 Meae
1247 564 1318 602 tibi
1348 564 1497 602 litterae

167 641 248 666 non
282 629 456 665 deerunt.
519 629 579 665 De
616 630 736 666 Bruto
775 628 941 666 scribam
975 630 1026 666 ad
1060 636 1098 666 te
1129 628 1272 666 omnia.
1334 628 1497 666 Librum

167 691 239 731 tibi
273 691 447 730 celeriter
485 692 637 730 mittam
671 694 742 730 ‘de
770 693 914 742 gloria.’
973 695 1177 731 Excudam
1206 694 1355 743 aliquid
1385 693 1498 744 ‘Hpa-

170 757 347 795 κλείδειον
367 757 475 805 quod
496 758 612 794 lateat
633 755 672 793 in
694 757 883 794 thesauris
913 757 999 795 tuis.
1061 759 1122 796 De
1148 760 1294 796 Planco
1321 758 1494 796 memini.

115 837 151 859 ιο
169 822 301 860 Attica
334 821 415 860 iure
446 821 627 871 queritur.
688 823 809 870 Quod
839 835 902 859 me
932 823 983 860 de
1014 822 1172 870 Bacchi,
1199 824 1249 861 de
1283 831 1495 861 statuarum
1519 830 1543 866 3

169 887 324 925 coronis
370 886 573 924 certiorem
611 886 746 933 fecisti,
788 888 900 924 valde
944 895 1120 936 gratum;
1167 901 1240 926 nec
1285 888 1497 937 quicquam

168 954 333 1003 posthac
360 966 440 990 non
468 953 589 990 modo
619 959 772 989 tantum
801 953 871 990 sed
901 965 951 990 ne
980 954 1174 990 tantulum
1202 953 1363 1002 quidem
1393 967 1500 1003 prae-

169 1018 325 1056 terieris.
386 1019 435 1055 Et
457 1018 506 1055 de
529 1018 692 1055 Herode
718 1024 756 1055 et
777 1016 920 1054 Mettio
947 1016 1164 1055 meminero
1185 1025 1222 1055 et
1244 1019 1293 1055 de
1314 1018 1498 1056 omnibus

170 1097 271 1133 quae
309 1090 346 1120 te
379 1084 478 1120 velle
515 1080 744 1131 suspicabor
781 1082 913 1119 modo.
973 1082 1009 1119 O
1041 1088 1195 1131 turpem
1234 1082 1374 1119 sororis
1409 1090 1498 1120 tuae

114 1160 151 1192 15
172 1148 320 1185 filium!
378 1148 481 1186 Cum
519 1146 617 1184 haec
654 1145 876 1192 scriberem,
909 1146 1149 1184 adventabat
1188 1149 1280 1197 αὐτῇ
1316 1148 1499 1196 βουλύσει

170 1212 401 1252 cenantibus
420 1211 546 1250 nobis.

211 1405 416 1440 XXVIII
461 1407 530 1440 Ser.
549 1407 584 1439 in
599 1407 793 1449 A1p2·nat1·v
808 1406 898 1439 Non.
920 1406 1033 1447 Quint.
1053 1418 1083 1438 a.
1103 1417 1162 1447 710
1179 1406 1265 1448 (44).

576 1506 745 1538 CICERO
774 1506 807 1537 A
818 1506 956 1537 TTICO
986 1506 1092 1538 SAL.

223 1613 319 1662 Ego,
360 1618 403 1649 ut
440 1611 491 1649 ad
529 1617 568 1649 te
605 1608 731 1660 pridie
768 1608 1012 1658 scripseram,
1051 1607 1179 1646 Nonis
1217 1606 1497 1647 constitueram

112 1692 149 1712 20
168 1677 298 1715 venire
328 1675 367 1714 in
398 1677 670 1714 Puteolanum.
730 1673 793 1712 Ibi
827 1673 941 1723 igitur
969 1672 1114 1711 cotidie
1149 1680 1234 1710 tuas
1264 1673 1408 1711 litteras
1438 1687 1498 1711 ex-

168 1742 356 1792 spectabo
386 1749 423 1780 et
452 1740 620 1778 maxime
647 1741 697 1778 de
724 1739 850 1787 ludis3
884 1740 934 1777 de
954 1738 1098 1788 quibus
1122 1738 1239 1776 etiam
1259 1739 1311 1776 ad
1333 1740 1496 1775 Brutum

167 1806 238 1844 tibi
276 1806 527 1844 scribendum
565 1812 633 1843 est.
707 1803 829 1843 Cuius
868 1803 1057 1853 epistulae
1095 1816 1213 1852 quam
1255 1802 1497 1852 interpretari

168 1871 251 1921 ipse
281 1872 342 1909 vix
371 1879 546 1921 poteram
578 1870 802 1919 exemplum
836 1868 961 1918 pridie
991 1868 1061 1906 tibi
1091 1868 1282 1906 miseram.
1342 1867 1496 1906 Atticae

170 1950 280 1974 meae
300 1936 415 1974 velim
446 1949 508 1973 me
538 1935 590 1972 ita
619 1947 779 1972 excuses
808 1941 851 1971 ut
881 1947 1040 1971 omnem
1067 1935 1224 1982 culpam
1249 1932 1287 1970 in
1315 1940 1352 1971 te
1379 1940 1497 1970 trans<

113 2015 150 2046 25
169 2003 267 2039 seras
288 2009 325 2039 et
346 2001 380 2039 ei
407 2009 539 2038 tamen
566 2000 774 2038 confirmes
801 2012 864 2036 me
894 1998 1144 2036 immutatum
1167 2011 1341 2036 amorem
1363 2011 1496 2036 meum

169 2080 325 2104 mecum
345 2066 560 2103 abstulisse.

216 2180 254 2199 10
271 2169 408 2207 Bacchi,
421 2170 462 2200 de
473 2168 559 2208 vulg.
579 2181 584 2199 :
609 2169 751 2198 bachide
766 2166 825 2198 M':
848 2167 1026 2203 Bacchide,
1042 2167 1083 2197 de
1099 2166 1256 2196 Graevius
1369 2176 1405 2204 14
1422 2176 1495 2198 sus-

169 2213 307 2252 picabor
325 2224 352 2243 v.
363 2224 386 2242 c.
405 2211 432 2241 L
454 2213 589 2251 (margffi
609 2207 836 2241 Zl'ORPAnt.
855 2223 861 2241 :
885 2212 1041 2249 suspicor
1058 2215 1085 2240 Δ
1231 2219 1268 2248 15
1292 2209 1372 2249 αὐτῇ
1392 2210 1494 2242 Boot:

169 2262 280 2286 autem
298 2256 338 2286 M
466 2266 506 2285 20
532 2255 755 2285 Puteolanum
774 2254 979 2294 Illongaltius
996 2265 1002 2284 z
1027 2254 1254 2283 Tusculanum
1272 2252 1313 2282 M
1454 2264 1494 2293 25

170 2301 378 2330 immutatum
403 2309 550 2329 amorem
576 2308 685 2328 meum
712 2297 920 2337 lVesenberg:
946 2297 1059 2327 minuo
1082 2302 1186 2327 tutam
1211 2307 1326 2327 amore
1350 2308 1424 2327 meo
1437 2296 1493 2330 M:

170 2344 307 2373 minime
320 2348 424 2374 toturn
443 2352 587 2373 amorem
605 2352 645 2373 eo
662 2341 683 2371 I
698 2341 768 2383 (sed
782 2341 809 2371 is
824 2341 865 2372 ab
882 2351 922 2371 ea
934 2346 997 2382 pro
1014 2342 1070 2381 eo)
1090 2339 1163 2371 Vict.
