1827 2798
145 135 214 172 IX.
232 135 298 173 iia
607 137 662 174 M.
695 136 864 173 TVLLI
896 135 1202 175 CICERONIS

417 247 480 288 Τίς
509 246 538 285 δ’
566 247 646 285 ἐστὶ
675 247 807 287 δοῦλος
833 250 899 286 τοῦ
929 247 1049 286 θανεῖν
1077 249 1251 299 ἄφροντις
1278 251 1326 289 ὤν
1337 248 1381 300 ,·),

239 329 309 368 sed
346 328 438 378 quia
476 328 614 378 ingrati
652 327 773 366 animi
812 327 960 367 crimen
1005 330 1155 369 horreo,
1233 332 1405 371 Confido
1452 331 1566 383 igitur

237 394 453 431 adventum
483 401 660 431 nostrum
692 393 755 440 illi,
789 406 953 443 quoquo
985 401 1163 443 tempore
1194 395 1317 444 fuerit,
1347 404 1389 434 ut
1418 397 1565 444 scribis,

239 459 465 507 ἀσμενιστὸν
485 459 576 496 fore.
638 459 741 496 Nam
773 459 881 507 quod
911 457 978 505 ais,
1002 457 1033 495 si
1064 458 1127 497 hic
1157 461 1409 509 temperatius
1436 462 1566 511 egerit,

238 522 522 562 consideratius
544 523 753 562 consilium
777 532 813 561 te
835 525 1028 570 daturum,
1054 524 1121 573 qui
1142 524 1205 562 hic
1227 534 1355 575 potest
1377 539 1418 564 se
1437 539 1569 575 gerere
1589 543 1606 574 5

239 601 318 626 non
349 588 530 638 perdite?
598 589 735 627 Vetcmt
753 589 843 637 vita,
866 602 1004 636 mores,
1028 596 1120 627 ante
1140 591 1251 637 facta,
1275 590 1373 629 ratio
1397 591 1569 642 suscepti

238 653 380 704 negoti,
404 653 510 701 socii,
533 653 632 692 vires
653 654 848 692 bonorum
869 662 937 692 aut
957 653 1075 692 etiam
1097 655 1327 693 constantia.

194 727 218 764 3
292 718 464 756 Vixdum
487 718 695 768 epistulam
718 727 825 756 tuam
846 720 1015 768 legeram
1041 732 1131 757 cum
1161 720 1212 757 ad
1242 733 1305 758 me
1332 734 1489 758 currens
1518 721 1570 760 ad

238 783 346 821 illum
379 785 591 821 Postumus
619 784 777 822 Curtius
807 784 912 822 venit
944 783 1041 821 nihil
1068 783 1142 821 nisi
1172 783 1305 822 classis
1335 786 1501 834 loquens
1532 793 1569 823 et

237 850 439 887 exercitus.
500 849 702 898 Eripiebat
744 849 970 899 Hispanias,
1008 849 1167 887 tenebat
1199 849 1347 897 Asiam,
1382 850 1566 897 Siciliam,
1594 869 1630 891 10

238 914 425 962 Africam,
447 914 677 963 Sardiniam,
705 914 913 953 confestim
944 914 983 952 in
1013 915 1217 953 Graeciam
1249 916 1566 965 persequebatur.

240 981 429 1019 Eundum
456 980 570 1031 igitur
599 988 668 1027 est,
700 994 773 1018 nec
806 988 885 1018 tam
913 988 955 1018 ut
987 980 1079 1019 belli
1110 994 1228 1030 quam
1259 988 1301 1018 ut
1331 982 1444 1030 fugae
1474 980 1570 1019 socii

238 1045 370 1084 simus.
449 1048 535 1084 Nec
574 1045 679 1084 enim
720 1048 817 1084 ferre
856 1054 994 1095 potero
1033 1059 1235 1084 sermones
1281 1046 1443 1084 istorum
1489 1046 1571 1096 qui-

238 1124 410 1160 cumque
437 1119 552 1159 sunt;
582 1124 662 1149 non
695 1118 786 1149 sunt
820 1110 924 1149 enim
956 1118 1069 1157 certe,
1101 1119 1143 1148 ut
1172 1113 1432 1161 appellantur,
1460 1111 1565 1150 boni.

240 1177 318 1215 Sed
343 1184 475 1214 tamen
506 1176 545 1215 id
576 1176 704 1226 ipsum
735 1175 832 1214 scire
862 1176 980 1226 cupio
1010 1175 1106 1225 quid
1136 1177 1347 1226 loquantur
1376 1176 1497 1227 idque
1526 1184 1568 1215 ut
1591 1193 1626 1225 15

238 1241 416 1291 exquiras
438 1255 580 1291 meque
601 1240 807 1279 certiorem
836 1241 954 1279 facias
985 1249 1023 1279 te
1044 1242 1298 1280 vehementer
1318 1256 1422 1292 rogo.
1484 1244 1570 1281 Nos

237 1308 368 1345 adhuc
390 1307 485 1357 quid
504 1307 689 1345 Brundisi
709 1315 841 1346 actum
862 1315 963 1346 esset
984 1309 1100 1357 plane
1121 1307 1405 1346 nesciebamus.
1467 1309 1570 1347 Cum

239 1371 417 1419 sciemus,
443 1379 526 1410 tum
554 1386 601 1410 ex
625 1385 664 1410 re
694 1379 732 1410 et
763 1386 809 1410 ex
839 1380 1015 1422 tempore
1042 1371 1251 1410 consilium
1273 1372 1474 1423 capiemus
1500 1373 1570 1411 sed

239 1445 394 1476 utemur
415 1445 495 1477 tuo.

284 1579 358 1615 III
504 1581 573 1614 Scr.
594 1583 628 1613 in
645 1582 826 1614 Formiano
843 1584 889 1613 vii
901 1583 950 1614 Id.
973 1583 1076 1616 Mart.
1097 1594 1128 1617 a.
1148 1593 1205 1625 705
1223 1583 1314 1625 (49).
1592 1589 1631 1610 ²0

650 1665 822 1697 CICERO
845 1666 1026 1698 ATTICO
1049 1666 1156 1700 SAL.

207 1755 224 1782 1
297 1743 449 1783 Domiti
488 1743 589 1783 filius
633 1744 782 1782 transiit
823 1744 998 1783 Formias
1047 1757 1121 1783 vni
1172 1746 1269 1784 Idus
1316 1758 1474 1784 currens
1521 1744 1572 1783 ad

243 1818 406 1848 matrem
428 1809 638 1860 Neapolim
661 1809 835 1859 mihique
864 1810 1032 1848 nuntiari
1055 1810 1164 1848 iussit
1185 1818 1335 1860 patrem
1362 1811 1412 1848 ad
1434 1809 1571 1848 urbem

241 1888 326 1914 esse
347 1888 438 1913 cum
465 1875 515 1913 de
543 1887 590 1912 eo
611 1874 763 1912 curiose
785 1874 1000 1924 quaesisset
1029 1888 1161 1913 servus
1190 1883 1321 1913 noster
1344 1874 1568 1924 Dionysius.

242 1941 327 1978 Nos
354 1946 486 1977 autem
513 1938 762 1977 audieramus
792 1953 883 1977 eum
913 1940 1133 1989 profectum
1159 1939 1239 1977 sive
1259 1940 1310 1977 ad
1334 1939 1569 1989 Pompeium
1594 1950 1630 1982 25

241 2004 321 2043 sive
356 2004 396 2042 in
427 2003 675 2054 Hispaniam.
737 2004 786 2042 Id
818 2003 928 2042 cuius
963 2004 1071 2042 modi
1106 2003 1154 2041 sit
1189 2003 1285 2042 scire
1317 2018 1411 2042 sane
1441 2003 1568 2042 velim.

286 2118 304 2146 4
329 2106 522 2145 ἀσμενιστὸν
548 2107 603 2147 (ab
626 2106 798 2147 ἀσμενίζω)
827 2107 970 2146 errell:
996 2106 1190 2145 ἀσμένιστον
1215 2107 1301 2147 vulg.
1330 2110 1506 2146 tamquam
1531 2107 1573 2138 ab

241 2150 378 2189 ἅσμενος
406 2151 500 2181 cm'us
531 2151 751 2191 superlativus
785 2155 831 2181 cst
853 2150 1087 2188 ἀσμεναὶτατος
1190 2151 1409 2189 temperatius
1445 2150 1571 2181 Wesen-

241 2195 317 2234 betg
332 2206 339 2225 τ
362 2196 611 2235 temperantius
628 2194 716 2226 codd.
865 2197 886 2224 6
910 2198 984 2225 ante
999 2195 1067 2225 vita
1085 2193 1275 2224 addendum
1292 2194 1416 2224 Vetant
1433 2194 1569 2226 videlur.

242 2238 332 2277 quod
351 2244 413 2278 pro
438 2239 506 2268 vita
531 2239 609 2269 coni.
628 2239 731 2268 Boot:
767 2237 826 2269 sed
848 2238 915 2269 vita
940 2249 1004 2267 non
1031 2238 1292 2274 sollim'tandunz;
1327 2238 1364 2276 cf.
1395 2236 1570 2267 Lehmann

245 2284 253 2298 ⁴
267 2281 410 2320 Quaesl.’
433 2292 501 2317 111,
523 2283 666 2322 qw'post
681 2282 873 2312 constantia
890 2281 983 2311 addit
998 2286 1119 2320 cogent
1242 2292 1259 2321 7
1284 2281 1366 2311 socii
1385 2281 1475 2310 vires
1492 2279 1546 2309 M2
1562 2291 1569 2310 :

243 2325 377 2355 issocuu
401 2329 470 2354 tres
495 2325 568 2355 M1:
604 2325 817 2356 imbecillitas
843 2324 993 2355 Schmidt
1017 2326 1084 2355 coll.
1112 2335 1160 2364 13.
1187 2336 1216 2364 4.
1345 2324 1569 2354 inconstantia

242 2368 395 2398 Schmidt
408 2368 473 2399 coll.
495 2369 549 2399 vii.
569 2377 598 2408 5.
618 2379 648 2407 4.
767 2370 805 2398 18
822 2369 900 2410 sed]
919 2369 952 2399 id
970 2373 1021 2399 est
1033 2368 1124 2399 Koclz
1237 2378 1279 2407 24
1297 2367 1338 2398 de
1356 2366 1430 2398 M¹;
1453 2377 1497 2397 ex
1513 2365 1568 2397 Μ2

248 2411 437 2452 Wesenberg
