1827 2798
201 152 270 189 IX.
295 152 400 189 xviii
667 151 721 189 M.
755 150 923 188 TVLLI
955 148 1261 188 CICERONIS

297 263 449 301 senatui
470 276 550 301 non
578 263 731 312 placere
757 260 798 298 in
827 259 1041 309 Hispanias
1066 257 1110 297 iri
1138 273 1212 298 nec
1239 260 1427 299 exercitus
1449 260 1488 299 in
1510 262 1626 300 Grae-

297 328 395 366 ciam
420 326 680 377 transportari,
705 325 928 374 multaque'
946 324 1107 374 inquam
1126 327 1135 344 ‘
1153 326 1203 363 de
1226 326 1365 364 Gnaeo
1386 327 1626 376 deplorabo.'

296 394 401 429 Tum
441 391 514 438 ille,
551 393 658 440 ‘Ego
693 403 784 428 vero
823 389 897 427 ista
930 388 1009 427 dici
1043 390 1160 427 nolo.’
1221 391 1305 428 ‘Ita
1333 391 1544 439 putabam'
1573 390 1627 428 in-

297 469 443 506 quam3
475 457 566 494 ‘secl
591 469 663 505 ego
688 469 736 493 eo
764 456 857 492 nolo
887 455 1026 492 adesse
1054 455 1163 503 quod
1191 462 1259 493 aut
1287 454 1343 493 sic
1373 455 1468 493 mihi
1497 456 1627 494 dicen-

297 523 393 560 dum
441 529 499 559 est
548 523 750 570 multaque
789 534 890 569 quae
931 521 1039 557 nullo
1079 521 1201 558 modo
1240 534 1398 570 possem
1446 520 1558 560 silere
1597 521 1665 564 si5

295 588 475 625 adessem
509 594 576 624 aut
609 600 689 623 non
719 585 984 623 veniendum.'
1043 586 1206 623 Summa
1240 585 1325 633 fuit,
1352 592 1394 623 ut
1423 584 1489 624 ille
1518 585 1628 635 quasi

296 651 442 690 exitum
464 665 665 701 quaerenS,
702 654 768 688 ‘ut
800 650 1081 688 deliberarem!
1153 651 1247 688 Non
1278 649 1349 688 fuit
1389 652 1624 699 negandum.

299 718 360 754 Ita
380 715 642 754 discessimus.
694 716 825 754 Credo
847 714 962 764 igitur
978 716 1084 753 hunc
1106 728 1168 752 me
1190 728 1271 753 non
1291 728 1432 752 amare.
1482 717 1536 752 At
1556 728 1628 765 ego

299 792 362 816 me
381 778 519 824 amavi,
543 779 650 828 quod
672 776 768 814 mihi
789 776 866 814 iam
887 776 1039 826 pridem
1060 791 1132 814 usu
1154 790 1234 814 non
1255 776 1372 814 venit.

256 851 281 879 2
354 843 533 893 Reliqua,
563 856 587 881 o
617 842 679 881 di!
721 842 789 892 qui
819 841 1039 889 comitatus,
1067 855 1179 892 quae,
1206 850 1247 879 ut
1279 850 1320 880 tu
1352 843 1454 880 soles
1485 841 1627 889 dicere,
1652 859 1690 879 10

299 911 442 948 νέκυιαὲ
473 908 511 945 in
533 921 610 958 qua
634 915 715 945 erat
735 908 829 957 ἥρως
850 908 974 946 Celer.
1037 908 1072 945 O
1094 920 1175 945 rem
1203 906 1396 956 perditam
1414 909 1420 944 1
1451 920 1475 945 o
1496 906 1629 956 copias

299 975 549 1024 desperatas!
608 972 717 1022 Quid
756 973 864 1022 quod
904 972 1010 1010 Servi
1052 971 1164 1018 filius,
1202 973 1311 1021 quod
1345 971 1468 1009 Titini
1506 971 1547 1010 in
1585 971 1630 1011 iis

300 1038 434 1077 castris
472 1039 627 1076 fuerunt
667 1037 811 1086 quibus
852 1036 1065 1086 Pompeius
1106 1036 1479 1075 circumsederetur!
1556 1038 1631 1076 Sex

299 1104 497 1154 legiones,
546 1104 713 1140 multum
752 1102 894 1152 vigilat,
935 1103 1066 1140 audet.
1145 1103 1310 1140 Nullum
1348 1102 1464 1141 video
1511 1104 1630 1140 finem

302 1169 404 1207 mali.
455 1171 573 1207 Nunc
595 1175 698 1206 certe
719 1168 938 1218 promenda
959 1167 1029 1205 tibi
1052 1177 1141 1205 sunt
1163 1167 1335 1206 consilia.
1392 1170 1485 1207 Hoc
1506 1169 1630 1207 fuerat
1654 1182 1690 1214 15

302 1242 530 1273 extremum.

259 1306 284 1344 3
359 1299 431 1336 Illa
459 1306 591 1336 tamen
619 1298 811 1338 κατακλεὶς
837 1297 939 1335 illius
970 1304 1027 1336 est
1055 1297 1193 1336 odiosa
1223 1312 1341 1348 quam
1372 1312 1498 1348 paene
1525 1312 1631 1348 prae-

302 1363 397 1411 terii,
421 1362 451 1401 si
473 1362 545 1400 sibi
567 1363 739 1401 consiliis
762 1362 903 1400 nostris
925 1362 981 1400 uti
1002 1376 1083 1400 non
1112 1363 1254 1411 liceret,
1280 1377 1441 1402 usurum
1462 1377 1629 1413 quorum

301 1436 434 1478 posset
471 1429 521 1466 ad
560 1428 773 1477 omniaque
812 1441 897 1465 esse
937 1428 1231 1465 descensurum.
1313 1428 1479 1467 ‘Vidisti
1517 1428 1631 1478 igitur

300 1494 436 1539 virum,
460 1501 501 1531 ut
522 1493 758 1543 scripseras?
788 1492 1062 1542 ingemuisti?'
1112 1494 1240 1532 Certe.
1303 1495 1438 1533 ‘Cedo
1459 1494 1631 1543 reliqua.'
1652 1510 1692 1532 20

302 1558 441 1608 Quid?
497 1558 699 1598 Continuo
730 1557 812 1607 ipse
843 1556 882 1594 in
912 1556 1010 1595 Pedi
1039 1558 1285 1604 Norbanum,
1315 1572 1388 1608 ego
1412 1559 1632 1608 Arpinum,

299 1623 392 1663 inde
403 1632 633 1674 —exspecto
646 1623 831 1674 equidem
847 1625 1090 1675 λαλαγεῦσυν
1102 1622 1207 1660 illam
1222 1631 1341 1661 tuam.
1378 1627 1386 1643 ‘
1401 1625 1462 1662 Tu
1478 1623 1611 1661 malim
1625 1624 1632 1640 ²

344 1741 365 1769 9
389 1740 441 1760 me
458 1730 566 1759 amavi
590 1727 682 1760 Vz'ct.:
709 1740 815 1760 meam
834 1734 891 1759 aut
909 1729 984 1760 Ml:
1013 1740 1066 1760 me
1084 1730 1201 1760 amabo
1221 1729 1338 1760 O‘2M2s
1441 1741 1479 1761 10
1504 1731 1634 1770 reliqua

302 1775 357 1804 odi
375 1774 482 1812 Meyer
615 1783 648 1802 11
675 1773 752 1812 ἥρως
779 1773 877 1803 Celer
904 1774 939 1813 (i.
949 1784 971 1804 e.
999 1774 1037 1812 Q.
1062 1774 1169 1803 Pilius
1193 1773 1293 1813 Celer)
1319 1773 1518 1805 Lehmann:
1554 1785 1632 1806 eros

303 1818 394 1848 celer
411 1816 473 1846 Zl:
504 1827 560 1847 ero
579 1817 687 1847 sceler
707 1816 772 1848 Ol:
808 1827 867 1847 ero
893 1817 1015 1847 sceleri
1035 1817 1148 1847 O2M1
1165 1829 1172 1847 z
1205 1827 1265 1847 ero
1282 1818 1447 1848 scelerum
1466 1818 1518 1848 R:
1544 1818 1633 1850 Eros

304 1862 435 1892 Celeris
453 1861 634 1891 Corradus:
668 1865 764 1891 erant
782 1871 873 1891 mera
890 1861 1018 1891 scelera
1034 1859 1161 1899 Meyer:
1194 1865 1286 1891 errat
1308 1861 1385 1899 ἥρως
1404 1866 1457 1901 (sc.
1480 1862 1634 1899 Caes-arm

303 1903 506 1936 ceteri—IV.
520 1903 690 1933 Hradlam
787 1914 824 1935 12
842 1904 922 1944 quid
942 1931 947 1936 .
968 1928 974 1934 .
996 1928 1002 1935 .
1021 1905 1053 1934 in
1072 1904 1110 1934 iis
1127 1897 1180 1934 ΖΠ)
1197 1915 1224 1933 v.
1239 1915 1259 1934 c.
1276 1908 1305 1934 ct
1320 1904 1347 1934 L
1361 1906 1527 1944 (umrgmz
1553 1906 1633 1944 quid

305 1949 401 1980 Servi
420 1949 507 1979 filius
523 1953 606 1987 quot
624 1953 658 1978 ut
677 1949 711 1978 in
730 1948 781 1978 his
799 1949 858 1978 M:
886 1949 967 1986 quid
990 1949 1076 1986 quod
1096 1948 1193 1978 Servi
1215 1948 1312 1981 filius,
1329 1949 1420 1987 quod
1441 1949 1524 1979 Tulli
1543 1950 1574 1979 in
1592 1949 1634 1980 iis

306 1992 423 2022 Lamo.
451 1993 516 2022 coll.
545 2003 566 2022 x
591 2002 643 2030 3Α
668 2003 711 2022 2:
748 1992 849 2030 Quid,
880 1992 977 2022 Servi
1006 1992 1104 2029 filius,
1132 1991 1273 2021 Pontius
1299 1992 1490 2022 Titiniauus
1518 1993 1550 2022 in
1580 1992 1635 2023 his

304 2035 477 2070 Scl11m'dt2
510 2036 629 2074 dcfilz'o
651 2036 756 2068 Titini.
776 2036 813 2075 cf.
832 2037 862 2066 6.
881 2037 911 2074 6,
931 2047 960 2075 9.
981 2045 1007 2074 Ι,
1032 2045 1081 2073 19.
1099 2046 1117 2064 2
1306 2046 1344 2074 13
1364 2039 1438 2076 post
1462 2037 1530 2067 Sex
1557 2036 1633 2077 (sed

304 2079 412 2119 codd.)
433 2079 506 2110 add.
529 2081 627 2110 habet
655 2080 779 2110 Sclziilz
880 2090 917 2118 15
945 2079 1020 2109 Hoc
1046 2079 1153 2109 fuerat
1171 2084 1359 2109 extremum
1377 2080 1444 2111 srcl.
1467 2080 1639 2109 Meutsafzer

305 2128 481 2164 tamquam
493 2125 658 2165 glossema
677 2128 714 2153 ut
729 2123 854 2153 vidctm'
865 2134 928 2154 voc.
948 2122 1115 2152 κατακλείς
1271 2133 1309 2153 21
1339 2124 1419 2153 Pedi
1440 2124 1635 2154 Norbanum

305 2169 476 2199 Sslzmidt:
504 2169 708 2208 pelsslanum
727 2167 815 2197 codd.
833 2178 838 2197 :
877 2167 1049 2197 pedanum
1068 2166 1154 2206 vulg.
1226 2177 1290 2205 ego
1306 2177 1370 2197 om.
1390 2166 1445 2196 Ml
1593 2176 1634 2196 22

309 2213 605 2251 inde-Exspecto
625 2212 820 2241 Lehmann:
849 2209 933 2240 Inde
952 2214 1116 2249 exspecto
1133 2209 1221 2250 vulg.
1315 2211 1470 2248 equidem
1490 2209 1599 2239 Laml)
1624 2220 1629 2239 :

308 2257 443 2295 quidem
473 2256 559 2286 codd.
669 2255 878 2292 λαλαγεῦσαν
909 2254 1039 2292 Bosizts,
1066 2253 1104 2293 ‘f-
1129 2264 1156 2291 7.
1179 2263 1197 2292 5
1223 2257 1253 2283 et
1275 2253 1412 2284 Amlzol.
1440 2253 1513 2283 Pal.
1540 2264 1572 2282 x.
1601 2264 1633 2283 1:

310 2303 549 2330 AAATEACAN
574 2298 615 2328 M
730 2299 840 2328 malim
855 2297 938 2327 Boot
956 2296 1182 2337 (filnemosyne
1205 2296 1298 2327 xviii.
1315 2298 1393 2335 356)
1412 2308 1418 2326 :
1442 2298 1564 2326 malum
1583 2295 1634 2325 ΛΡ

310 2344 421 2382 vulga:
448 2343 567 2373 malem
592 2340 697 2372 RP¹:
733 2342 863 2371 mallem
887 2340 954 2371 Os:
989 2340 1075 2371 male
1100 2340 1149 2370 vel
1170 2339 1303 2371 mallem
1325 2339 1403 2379 M-';
1437 2340 1473 2379 cf.
1498 2339 1637 2380 Madveg

313 2387 320 2403 ⁴
338 2386 503 2427 Opttscnla
518 2386 524 2398 ³
543 2386 575 2416 ii.
595 2395 655 2424 105
