1827 2798
581 162 693 200 EPP.
727 163 804 199 AD
834 160 1094 200 ATTICVM
1338 157 1457 194 XIII.
1481 156 1569 202 xiv,
1593 166 1654 192 xv

173 269 268 319 quid
301 269 478 319 pertinet.
549 273 654 310 Nam
685 272 783 310 scito
817 280 855 310 te
888 271 923 310 ei
962 270 1118 320 dialogo
1151 268 1383 308 adiunctum
1418 280 1503 305 esse

172 334 338 372 tertium.
399 335 552 384 Opinor
585 336 699 386 igitur
729 336 1034 375 consideremus.
1106 334 1190 372 Etsi
1225 332 1386 372 nomina
1424 331 1501 370 iam

171 400 272 437 facta
293 407 406 447 sunt3
436 401 505 438 sed
527 402 586 439 vel
608 401 741 439 induci
762 403 821 439 vel
843 400 981 439 mutari
1002 407 1176 451 possunt.

225 464 335 512 Quid
359 464 447 514 agit,
471 465 636 504 obsecro
657 474 705 513 te,
729 466 860 504 Attica
880 467 1040 503 nostra?
1098 466 1202 502 Nam
1223 463 1353 501 triduo
1373 462 1443 500 abs
1465 469 1502 500 te
1521 474 1545 501 2

133 540 149 571 5
172 530 297 566 nullas
326 542 582 579 acceperam,
621 544 694 568 nec
729 531 880 569 mirum.
941 532 1072 568 Nemo
1106 528 1211 567 enim
1242 535 1399 566 venerat
1429 540 1502 565 nec
1523 515 1600 560 <xvj

171 594 332 631 fortasse
371 607 489 632 causa
526 596 659 632 fuerat.
726 597 865 644 Itaque
904 595 986 644 ipse
1025 595 1133 644 quod
1172 592 1381 631 scriberem
1421 605 1501 629 non

171 658 378 696 habebam.
440 660 533 707 Quo
553 668 685 697 autem
706 660 770 698 die
791 662 859 697 has
880 659 1037 698 Valerio
1058 660 1202 698 dabam
1225 657 1500 707 exspectabam

170 722 343 772 aliquem
372 737 560 761 meorum.
622 724 702 772 Qui
731 724 762 762 si
786 724 955 763 venisset
985 732 1023 762 et
1051 738 1074 762 a
1103 731 1141 762 te
1170 723 1266 774 quid
1295 722 1499 769 attulisset,

171 787 354 826 videbam
375 801 455 826 non
476 789 701 826 defuturum
723 790 831 838 quod
852 789 1071 828 scriberem.

114 945 154 969 10
215 933 325 968 XVI
450 936 517 968 Scr.
538 937 571 968 in
587 937 749 978 Arpinati
761 938 792 968 iv
808 937 850 969 K.
869 938 982 977 Quint.
1003 949 1034 969 a.
1056 948 1116 979 709
1134 937 1215 980 (45).

580 1025 751 1056 CICERO
780 1025 962 1056 ATTICO
991 1025 1097 1057 SAL.

225 1116 310 1153 Nos
336 1127 427 1152 cum
454 1113 617 1151 flumina
636 1121 674 1151 et
695 1113 949 1151 solitudinem
971 1127 1223 1163 sequeremur
1243 1127 1323 1163 quo
1350 1112 1499 1151 facilius
1520 1123 1537 1149 1

170 1186 386 1217 sustentare
415 1191 486 1215 nos
516 1191 732 1227 possemus,
756 1179 898 1227 pedem
924 1191 945 1216 e
969 1178 1059 1215 villa
1087 1179 1218 1216 adhuc
1247 1177 1389 1228 egressi
1420 1191 1499 1215 non

169 1257 329 1291 sumus3
356 1243 409 1281 ita
436 1255 599 1292 magnos
625 1250 664 1281 et
689 1243 877 1281 adsiduos
904 1243 1038 1281 imbris
1068 1244 1324 1282 habebamus.
1385 1244 1499 1280 Illam

113 1322 149 1353 15
169 1309 421 1358 Ἀκαδημικὴν
440 1309 613 1354 σύνταξιν
628 1315 751 1345 totam
767 1309 817 1345 ad
834 1309 1051 1346 Varronem
1073 1307 1325 1346 traduximus.
1367 1306 1500 1346 Primo

168 1374 240 1412 fuit
260 1373 401 1420 Catuli,
426 1372 590 1420 Luculli,
621 1372 836 1421 Hortensi,
873 1373 1017 1412 deinde
1044 1372 1136 1423 quia
1162 1375 1263 1423 παρὰ
1290 1373 1332 1411 τὸ
1360 1373 1500 1422 πρέπον

168 1439 383 1486 videbatur,
406 1439 515 1488 quod
541 1446 621 1477 erat
647 1438 875 1476 hominibus
902 1446 996 1477 nota
1024 1452 1105 1477 non
1129 1438 1194 1477 illa
1213 1438 1373 1488 quidem
1396 1440 1499 1476 ἀπαι-

168 1504 294 1542 δευσία
325 1504 395 1542 sed
425 1503 465 1541 in
496 1503 541 1541 iis
573 1503 688 1541 rebus
723 1504 882 1553 ἀτριψία,
917 1503 1032 1541 simul
1069 1517 1116 1541 ac
1146 1503 1236 1541 veni
1269 1504 1319 1541 ad
1353 1502 1498 1551 villam,

168 1570 329 1608 eosdem
364 1569 449 1606 illos
484 1581 684 1606 sermones
714 1569 765 1606 ad
797 1569 992 1607 Catonem
1028 1570 1273 1618 Brutumque
1306 1568 1494 1606 transtuli.

110 1652 149 1673 20
169 1635 274 1672 Ecce
312 1641 401 1672 tuae
439 1633 588 1671 litterae
626 1633 676 1671 de
714 1634 901 1671 Varrone.
962 1632 1123 1671 Nemini
1156 1633 1238 1671 visa
1275 1640 1333 1671 est
1370 1633 1498 1683 aptior

167 1698 380 1737 Antiochia
408 1698 515 1736 ratio.
575 1699 653 1736 Sed
681 1704 812 1735 tamen
833 1697 949 1736 velim
975 1697 1120 1736 scribas
1149 1699 1200 1736 ad
1227 1711 1301 1744 me,
1324 1697 1493 1748 primum
1513 1709 1539 1737 2

166 1767 370 1815 placeatne
399 1763 470 1803 tibi
498 1763 646 1813 aliquid
675 1764 726 1802 ad
755 1763 876 1810 illum,
905 1763 1062 1811 deinde,
1094 1763 1125 1801 si
1154 1763 1335 1813 placebit,
1367 1764 1495 1802 hocne

166 1829 424 1879 potissimum.

221 1895 362 1944 Quid?
418 1896 578 1935 Servilia
614 1896 745 1935 iamne
783 1896 922 1935 venit?
979 1898 1122 1935 Brutus
1160 1893 1304 1944 ecquid
1341 1893 1420 1944 agit
1458 1901 1496 1932 et

110 1973 147 2005 25
168 1961 357 2008 quando?
405 1962 466 1999 De
488 1962 655 2000 Caesare
675 1961 771 2011 quid
791 1962 975 2000 auditur?
1032 1963 1118 2011 Ego
1137 1962 1188 1998 ad
1210 1961 1357 2006 Nonas,
1376 1972 1494 2009 quem

166 2025 217 2061 ad
238 2025 402 2062 modum
422 2024 511 2063 dixi.
570 2027 633 2063 Tu
653 2039 744 2064 cum
767 2026 921 2073 Pisone,
944 2026 975 2064 si
995 2026 1091 2076 quid
1112 2024 1266 2075 poteris.

210 2127 231 2155 6
254 2129 282 2156 et
304 2136 324 2164 9
347 2127 437 2165 quod
461 2127 612 2157 Ernesti:
644 2129 724 2166 quid
743 2127 785 2157 M
968 2138 1006 2158 12
1031 2127 1247 2158 solitudinem
1272 2129 1347 2157 ΣΔτ
1382 2126 1494 2157 solitu-

167 2169 266 2199 dines
300 2169 388 2202 Crat.
414 2181 442 2200 v.
463 2181 486 2201 c.
516 2170 545 2199 L
573 2171 711 2211 (mam.)
745 2171 859 2202 codices
889 2171 978 2212 Βοεί,
1008 2172 1043 2211 cf.
1075 2171 1132 2202 xii.
1162 2181 1215 2210 23.
1243 2180 1257 2201 1
1458 2179 1495 2208 15

170 2212 279 2242 Primo
304 2212 331 2242 C
345 2224 371 2243 v.
393 2223 408 2242 c
433 2212 462 2242 L
483 2214 620 2255 (marg.)
638 2209 707 2246 Zf':
731 2216 832 2247 modo
863 2218 918 2247 ΣΔ
1149 2224 1188 2245 21
1215 2212 1396 2254 Ἀντιόχεια
1411 2213 1496 2244 Boot

166 2266 207 2286 22
233 2257 352 2287 hocine
371 2255 557 2298 lVesenbmjg
