1827 2798
164 147 318 183 1X.xv
651 145 706 182 M.
739 143 906 180 TVLLI
939 142 1246 182 CICERONIS

241 266 265 293 2
284 258 362 296 Sed
394 258 491 295 haee
525 255 678 306 longius
707 256 861 293 absunt.
923 256 992 293 Me
1024 268 1128 292 nunc
1163 262 1200 292 et
1232 267 1464 304 congressus
1494 252 1609 291 huius

282 322 454 360 stimulat
487 321 534 371 (is
566 334 658 359 vero
695 320 824 365 adest)
863 328 901 357 et
940 319 1084 369 primas
1123 319 1205 357 eius
1243 319 1418 357 actiones
1457 319 1607 356 horreo.

281 388 397 424 Volet
428 386 543 432 enim,
576 387 709 432 credo,
737 387 773 423 S.
807 386 851 424 C.
884 386 1023 431 facere,
1052 386 1157 422 volet
1186 397 1377 433 augurum
1407 384 1610 422 decretum

283 450 494 500 (rapiemur
524 458 591 488 aut
623 451 806 488 absentes
842 448 1097 499 vexabimur),
1132 450 1192 486 vel
1222 456 1264 486 ut
1294 449 1476 486 consules
1502 454 1611 496 roget

281 522 435 565 praetor
466 517 525 553 vel
566 515 798 553 dictatorem
838 514 967 561 dicat3
1009 527 1177 563 quorum
1218 520 1400 551 neutrum
1441 512 1501 550 ius
1539 519 1608 549 est.
1631 527 1647 556 5

284 579 379 628 Etsi,
403 579 433 618 si
464 581 569 618 Sulla
597 580 725 630 potuit
752 581 905 618 efficere
931 580 981 617 ab
1023 579 1213 628 interrege
1244 586 1285 616 ut
1315 577 1483 616 dictator
1509 576 1612 614 dice-

282 653 386 683 retur
421 643 474 697 [et
511 645 692 695 magister
728 642 936 696 equitum}
976 658 1044 682 cur
1082 643 1146 681 hie
1177 657 1259 681 non
1292 642 1445 692 possit?
1502 641 1612 679 Nihil

281 710 448 760 expedio
475 710 549 747 nisi
574 718 615 748 ut
643 718 710 748 aut
731 710 781 748 ab
804 710 879 747 hoc
908 717 1109 759 tamquam
1133 710 1182 757 Q.
1208 707 1366 746 Mucius
1387 713 1454 744 aut
1473 706 1524 744 ab
1544 704 1611 743 illo

281 783 482 824 tamquam
507 777 548 812 L.
573 775 715 825 Scipio.

239 849 262 885 3
336 841 439 879 Cum
454 847 494 878 tu
510 842 606 878 haec
621 842 819 890 legeS,ego
834 841 943 878 illum
958 842 1120 878 fortasse
1135 851 1368 877 convenero.
1406 836 1611 874 (Τέτλαθιῧ
1634 849 1671 870 10

281 907 289 923 ‘
309 906 517 955 Kfivrepov'
538 919 588 943 ne
609 905 704 943 illud
727 905 888 955 quidem
910 913 1087 943 nostrum
1108 903 1320 954 proprium.
1381 903 1476 940 Erat
1504 900 1611 940 enim

279 983 368 1019 spes
389 969 601 1020 propinqui
628 970 788 1017 reditus,
810 978 890 1008 erat
911 969 1118 1007 hominum
1140 970 1308 1018 querela.
1369 968 1488 1005 Nunc
1509 964 1612 1004 exire

279 1035 471 1086 cupimus,
494 1049 572 1085 qua
601 1049 670 1085 spe
700 1035 846 1073 reditus
876 1034 971 1072 mihi
993 1034 1155 1084 quidem
1186 1045 1405 1082 numquam
1435 1031 1475 1068 in
1505 1043 1613 1068 men-

279 1109 358 1139 tem
379 1101 495 1139 venit.
556 1102 650 1138 Non
679 1102 801 1139 modo
829 1109 962 1138 autem
993 1101 1100 1137 nulla
1127 1101 1284 1149 querela
1314 1106 1372 1137 est
1397 1096 1612 1146 municipa-

279 1166 374 1204 lium
422 1166 630 1204 hominum
673 1179 719 1204 ac
760 1165 992 1204 rusticorum
1042 1165 1111 1203 sed
1160 1172 1295 1202 contra
1338 1169 1520 1201 metuunt
1567 1168 1611 1199 ut
1632 1174 1668 1204 15

279 1232 489 1278 crudelem,
514 1231 664 1269 iratum.
725 1232 811 1268 Nee
843 1238 974 1268 tamen
997 1229 1093 1267 mihi
1118 1229 1331 1278 quicquam
1352 1235 1410 1266 est
1431 1225 1610 1265 miserius

279 1311 397 1347 quam
432 1296 664 1335 remansisse
696 1310 769 1334 nec
804 1295 974 1346 optatius
1006 1308 1125 1345 quam
1156 1295 1309 1332 evolare
1339 1307 1420 1331 non
1450 1300 1529 1330 tam
1559 1292 1611 1329 ad

279 1363 370 1401 belli
391 1376 509 1412 quam
530 1363 581 1400 ad
602 1363 715 1411 fugae
743 1361 982 1399 societatem.
1044 1361 1146 1400 †Sed
1178 1368 1219 1398 tu
1248 1359 1382 1398 onmia
1408 1358 1499 1408 quil*
1521 1370 1612 1396 con-

279 1427 362 1465 silia
391 1427 598 1465 differebas
628 1426 668 1463 in
700 1426 739 1464 id
772 1434 926 1476 tempus
956 1439 1047 1464 cum
1076 1425 1263 1463 sciremus
1294 1438 1395 1474 quae
1426 1420 1611 1462 Brundisi

277 1500 365 1529 acta
411 1499 552 1529 essent.
630 1490 783 1529 Scimus
822 1504 993 1540 nempe3
1042 1492 1248 1529 haeremus
1296 1489 1419 1527 nihilo
1467 1487 1608 1526 minus.
1633 1501 1671 1521 20

280 1557 355 1594 Vix
393 1556 498 1595 enim
533 1570 647 1606 spero
682 1555 778 1593 mihi
816 1557 922 1594 hunc
957 1555 1111 1594 veniam
1147 1557 1342 1601 daturum,
1379 1553 1450 1592 etsi
1489 1554 1613 1591 multa

279 1623 414 1661 adfero
436 1621 535 1659 iusta
555 1623 605 1659 ad
627 1621 929 1671 impetrandum.
983 1623 1060 1659 Sed
1078 1621 1148 1659 tibi
1165 1634 1325 1659 omnem
1342 1620 1442 1658 illius
1464 1631 1612 1657 meum-

283 1701 359 1737 que
393 1701 615 1725 sermonem
651 1686 835 1724 omnibus
868 1686 995 1725 verbis
1028 1701 1254 1737 expressum
1285 1686 1415 1725 statim
1445 1684 1609 1722 mittam.

238 1764 263 1801 4
283 1755 346 1790 'l'u
367 1766 472 1790 nunc
494 1752 602 1790 omni
628 1766 762 1790 amore
789 1751 936 1790 enitere
957 1761 999 1790 ut
1026 1767 1098 1790 nos
1126 1766 1218 1790 cura
1242 1760 1309 1790 tua
1337 1759 1375 1789 et
1401 1748 1611 1801 prudentia

283 1818 401 1856 iuves.
446 1819 507 1855 Ita
529 1817 659 1855 subito
679 1817 844 1855 accurrit
866 1825 908 1855 ut
926 1832 975 1856 ne
991 1820 1037 1855 T.
1056 1817 1242 1855 Rebilum
1259 1816 1431 1866 quidem,
1456 1823 1497 1853 ut
1518 1828 1609 1852 con-
1629 1826 1666 1856 25

281 1883 492 1929 stitueram‚
530 1882 677 1932 possim
707 1882 866 1929 videre3
902 1883 1036 1921 omnia
1070 1883 1185 1921 nobis
1217 1881 1415 1932 imparatis
1443 1881 1608 1929 agenda.

280 1949 357 1985 Sed
379 1956 511 1985 tamen
532 1954 539 1966 ⁴
559 1949 660 1986 ἄλλα
688 1949 755 1997 μὲν
783 1949 912 1992 αὐτός,’
935 1956 976 1985 ut
996 1948 1048 1986 ait
1069 1948 1142 1995 ille,
1169 1949 1291 1985 (ἄλλα
1320 1947 1358 1985 δὲ
1386 1947 1446 1984 καὶ
1474 1947 1614 1996 δαίμων

279 2014 531 2063 ὑποθήσεται]
603 2013 806 2063 Quicquid
848 2027 962 2063 egero
1002 2013 1192 2051 continuo
1231 2012 1339 2050 scies,
1419 2013 1613 2050 Mandata

281 2079 459 2119 Caesaris
492 2080 544 2118 ad
575 2081 757 2117 consules
793 2087 830 2117 et
862 2080 913 2117 ad
949 2079 1183 2129 Pompeium
1219 2092 1319 2128 quae
1348 2091 1474 2128 rogaS,
1505 2078 1613 2115 nulla

323 2195 341 2222 4
367 2187 440 2213 ante
466 2183 636 2223 rapiemur
664 2183 803 2214 addend.
833 2183 975 2213 Romam
1009 2183 1086 2213 com'.
1112 2183 1196 2212 Boot
1356 2182 1408 2212 vel
1438 2181 1488 2222 ut]
1518 2181 1612 2211 volet

282 2227 468 2257 stlommsen
568 2238 586 2266 5
613 2232 647 2256 ut
660 2230 734 2266 post
750 2227 801 2256 vel
819 2227 893 2257 add.
919 2226 1106 2265 ll'escnbmg
1205 2228 1225 2256 6
1251 2226 1322 2256 Etsi
1340 2226 1472 2255 Baiter:
1498 2229 1532 2255 et
1548 2224 1610 2254 M:

281 2271 340 2300 sed
366 2265 408 2300 ΖΓ)
588 2282 604 2309 7
631 2275 664 2300 et
685 2271 844 2308 magister
866 2270 1015 2308 equitum
1037 2269 1211 2299 delendum
1234 2269 1379 2299 videtur:
1411 2278 1476 2299 om.
1497 2267 1613 2298 codices

284 2313 487 2353 Mctlaspz'tme
503 2317 532 2343 ct
547 2314 606 2344 alii
765 2324 775 2343 1
788 2324 798 2343 1
826 2313 914 2343 Ante
932 2314 1102 2352 ίκυίιν-ερον
1115 2314 1121 2324 ’
1139 2312 1214 2343 add.
1231 2312 1276 2343 At
1293 2311 1416 2343 schulz
1572 2320 1610 2340 12

281 2357 428 2387 omnium
447 2356 532 2385 Reid
676 2359 714 2387 18
740 2357 807 2387 Sed
826 2362 859 2386 tu
878 2358 934 2387 ubi
953 2357 1064 2387 ornnia
1081 2357 1137 2395 qui
1162 2356 1281 2395 'ljvrrell
1294 2356 1360 2386 coll.
1378 2355 1420 2385 vi.
1438 2365 1466 2385 2.
1487 2365 1520 2393 7:
1553 2354 1611 2392 qui

281 2411 345 2432 om.
360 2401 445 2440 vulg.
460 2412 466 2430 :
493 2400 561 2430 Sed
579 2400 664 2430 heus
681 2404 727 2439 tu,
741 2401 853 2430 omnia
870 2401 925 2440 qui
943 2399 1094 2431 Schmidt
1110 2399 1209 2440 :sort.
1230 2400 1289 2430 sed
1306 2399 1385 2440 quid
1402 2403 1437 2429 tu
1452 2400 1460 2430 ἓ
1486 2397 1600 2429 omnia
