1827 2798
566 154 678 191 EPP.
713 153 789 190 AD
819 150 1080 189 ATTICVM
1373 148 1483 185 XIV.
1503 158 1563 184 xv

152 264 282 312 habet,
309 266 359 304 de
390 278 493 312 saxo,
522 265 559 303 in
591 278 758 311 crucem,
787 265 1012 302 columnam
1041 262 1185 307 tollere,
1210 261 1340 298 locum
1372 259 1480 297 illurn

152 331 408 369 sternendum
421 333 573 369 locare!
606 330 714 379 Quid
732 329 914 379 quaeris?
943 328 1110 367 heroica.
1162 326 1371 364 Sustulisse
1386 324 1482 362 mihi

151 395 304 433 videtur
331 395 621 434 simulationem
649 395 817 433 desideri
839 395 969 432 adhuc
994 406 1095 443 quae
1122 392 1302 442 serpebat
1322 391 1362 429 in
1383 391 1478 436 dies,

150 468 188 498 et
222 460 436 498 inveterata
470 461 631 498 verebar
670 474 719 498 ne
754 459 972 510 periculosa
1011 457 1152 495 nostris
1184 455 1479 506 tyrannoctonis

114 539 130 567 5
150 532 262 563 esset.
315 527 433 564 Nunc
449 539 605 575 prorsus
625 525 825 563 adsentior
841 524 916 561 tuis
934 523 1069 561 litteris
1090 536 1283 572 speroque
1304 522 1475 571 meljora.
1498 527 1521 554 2
1544 524 1589 562 (3‘

151 591 405 640 Quamquam
426 590 520 628 istos
541 592 638 628 ferre
659 604 740 628 non
762 602 923 639 possum
944 587 1023 637 qui,
1041 589 1137 626 dum
1159 600 1200 625 se
1220 600 1359 636 pacem
1380 587 1478 623 velle

150 654 345 702 simulant,
369 664 455 693 acta
480 655 627 693 nefaria
651 656 880 693 defendunt.
941 654 1019 691 Sed
1047 665 1127 689 non
1155 658 1321 701 possunt
1345 650 1478 688 omnia

150 719 276 757 simul.
338 720 481 770 Incipit
512 734 570 757 res
610 719 749 757 melius
783 718 837 756 ire
869 731 988 767 quam
1023 725 1212 767 putaram.
1273 717 1358 753 Nec
1389 729 1480 753 vero

150 783 353 822 discedam
379 784 454 821 nisi
482 798 571 822 cum
600 792 640 821 tu
672 797 734 821 me
761 782 801 820 id
832 784 997 820 honeste
1021 781 1177 831 putabis
1204 782 1330 819 facere
1351 794 1478 829 posse.

93 862 131 883 10
152 850 273 886 Bruto
305 857 408 887 certe
448 863 537 886 meo
577 850 685 887 nullo
724 849 813 885 loco
852 849 971 885 deero
1002 845 1134 895 idque,
1166 845 1283 882 etiarn
1319 843 1349 881 si
1386 844 1480 881 mihi

149 926 239 950 cum
271 913 336 951 illo
367 914 463 951 nihil
494 914 638 960 fuisset,
662 915 831 951 facerem
862 918 1019 961 propter
1048 910 1130 948 eius
1162 910 1395 960 singularem
1429 909 1481 945 in-

149 978 459 1028 credibilemque
479 979 672 1016 virtutem.

203 1043 323 1082 Piliae
354 1052 509 1081 nostrae
537 1044 669 1081 villam
695 1050 819 1080 totam
849 1054 1029 1090 quaeque
1060 1040 1099 1077 in
1127 1041 1216 1078 villa
1246 1047 1335 1077 sunt
1366 1040 1477 1076 trado
1498 1046 1522 1083 3
1548 1042 1587 1081 Ῐ4χ

149 1107 187 1145 in
215 1108 503 1158 Pompeianum
532 1107 616 1157 ipse
646 1106 898 1157 proficiscens
931 1107 980 1143 K.
1012 1105 1140 1143 Maiis.
1202 1106 1333 1153 Quam
1361 1104 1476 1142 velim

92 1185 127 1214 15
149 1174 271 1211 Bruto
291 1175 528 1223 persuadeas
553 1180 594 1211 ut
614 1174 781 1210 Asturae
806 1171 877 1209 sit!

146 1319 256 1354 XVI
301 1321 369 1354 Scr.
390 1324 422 1354 in
439 1323 622 1354 Puteolano
637 1323 702 1353 sive
717 1322 819 1353 hortis
837 1321 1004 1353 Cluviam‘s
1019 1332 1039 1352 v
1054 1320 1140 1352 Non.
1159 1320 1240 1352 IlIcn'.
1261 1331 1291 1351 a.
1313 1330 1370 1359 710
1388 1320 1474 1359 ¹44?-

554 1411 723 1442 CICERO
752 1410 933 1441 ATTICO
962 1408 1065 1441 SAL.

199 1513 224 1537 v
256 1502 394 1539 Nonas
425 1501 698 1539 conscendens
730 1500 780 1538 ab
811 1499 932 1537 hortis
966 1498 1166 1538 Cluvianis
1200 1497 1239 1536 in
1271 1499 1473 1548 phaselum
1500 1508 1515 1534 1

145 1566 355 1616 epicopum
390 1567 459 1604 has
489 1565 582 1604 dedi
615 1565 774 1613 litteras,
803 1577 893 1602 cum
924 1563 1045 1601 Piliae
1079 1570 1234 1601 nostrae
1263 1562 1393 1600 villam
1424 1564 1475 1600 ad

87 1644 126 1665 20
148 1630 374 1678 Lucrinum,
390 1630 535 1676 vilicos,
555 1637 823 1679 procuratores
844 1628 1103 1666 tradidissem.
1164 1628 1255 1677 Ipse
1275 1635 1407 1665 autem
1428 1641 1476 1665 eo

145 1695 208 1733 die
247 1695 288 1733 in
328 1694 437 1733 Paeti
475 1694 598 1732 nostri
636 1693 916 1743 tyrotarichum
946 1692 1230 1739 imminebam3
1272 1692 1477 1742 perpaucis

144 1759 283 1798 diebus
303 1759 344 1797 in
365 1759 664 1809 Pompeianum,
687 1765 776 1808 post
805 1757 845 1795 in
876 1759 974 1795 haec
1002 1758 1218 1795 Puteolana
1238 1764 1276 1795 et
1297 1757 1478 1796 Cumana

143 1838 262 1874 regna
283 1824 516 1874 renavigare.
578 1824 614 1862 O
635 1825 722 1861 loca
748 1822 948 1872 ceteroqui
969 1823 1083 1860 valde
1110 1822 1339 1872 expetenda,
1364 1821 1477 1860 inter-

143 1888 373 1939 pellantium
393 1896 526 1926 autem
547 1887 798 1925 multitudine
818 1901 944 1936 paene
964 1886 1149 1936 fugienda
1167 1889 1174 1925 1

87 1965 124 1996 25
198 1953 276 1991 Sed
313 1954 365 1990 ad
403 1966 485 1990 rem
524 1959 566 1989 ut
603 1951 770 1999 veniam,
804 1964 828 1989 o
862 1951 1093 1989 Dolabellae
1131 1950 1253 1989 nostri
1292 1958 1519 2000 magnam2

144 2018 361 2067 dpcffrelav!
419 2018 579 2064 Quanta
623 2023 681 2053 est
726 2016 1003 2065 ἀναθεώρησις-Σ
1080 2015 1278 2065 Equidem
1316 2016 1476 2053 laudare

144 2095 234 2120 eum
266 2089 304 2119 et
337 2080 482 2118 hortari
514 2094 595 2117 non
627 2080 784 2118 desisto.
845 2082 970 2118 Recte
1004 2088 1046 2117 tu
1081 2079 1265 2117 omnibus
1300 2079 1475 2129 epistulis

144 2147 338 2196 significas
369 2145 464 2196 quid
494 2147 543 2184 de
574 2159 623 2193 re,
650 2145 746 2195 quid
777 2146 827 2183 de
856 2145 937 2183 viro
967 2145 1121 2183 sentias.
1183 2144 1284 2181 Mihi
1314 2144 1476 2194 quidem

143 2211 297 2249 videtur
327 2212 470 2248 Brutus
500 2217 632 2247 noster
655 2209 733 2246 iam
759 2210 820 2247 vel
847 2223 1035 2247 coronam
1063 2222 1221 2247 auream
1250 2222 1319 2259 per
1347 2210 1475 2248 forum

10 1674 26 1689 q

196 2314 216 2344 8
239 2324 294 2344 res
311 2337 318 2344 .
340 2337 346 2344 .
367 2337 375 2345 .
397 2318 550 2351 putaram
567 2323 633 2343 om.
651 2311 702 2341 M1
829 2312 866 2341 18
891 2322 925 2341 vr
944 2311 1044 2341 Ruete
1133 2310 1239 2341 hortis
1254 2314 1282 2340 et
1298 2310 1347 2339 ln'c
1361 2314 1389 2340 et
1404 2311 1474 2343 xiii.

144 2357 195 2394 46.
212 2367 231 2395 3
248 2360 407 2396 suspectat
422 2356 507 2386 Reid
604 2365 644 2385 20
668 2355 789 2385 eodem
807 2355 860 2385 die
877 2356 958 2386 coni.
980 2354 1103 2384 Mulier
1198 2364 1238 2393 23
1266 2354 1474 2392 renavigare.

145 2399 293 2486 (ᾇζψὸ.)
302 2399 592 2475 c.E:Orenaviga1-eo
611 2398 652 2428 M
658 2399 664 2415 ¹
681 2409 688 2429 :
713 2399 923 2437 renavigaro.
971 2397 1001 2429 O
1015 2397 1137 2428 Rosius
1152 2397 1239 2438 vulg.
1253 2409 1259 2428 ι
1282 2397 1476 2436 renavigare

181 2454 230 2474 me
