1827 2798
602 160 714 200 EPP.
745 163 824 200 AD
853 163 1112 203 ATTICVM
1427 165 1523 202 XII.
1542 165 1618 201 xiv

189 269 387 310 interdum
425 270 523 310 mihi
561 285 724 323 peccare
757 273 902 321 videor,
939 273 1137 313 interdum
1170 281 1402 325 peccaturus
1436 287 1520 313 esse

188 335 263 373 nisi
289 336 441 375 faciam.
501 337 681 376 Solitudo
707 338 857 388 aliquid
885 339 1053 386 adiuvat,
1077 341 1147 378 sed
1174 341 1298 378 multo
1322 341 1410 390 plus
1436 353 1521 390 pro-

188 401 331 447 ficeret,
365 401 397 439 si
427 408 468 439 tu
499 409 631 441 tamen
660 403 878 442 interesses.
939 405 1053 452 Quae
1082 404 1179 442 mihi
1208 419 1288 443 una
1316 418 1434 444 causa
1462 413 1520 444 est

187 464 280 504 hinc
314 466 571 515 discedendi3
613 481 704 506 nam
738 482 809 518 pro
843 468 955 506 malis
989 477 1094 507 recte
1128 470 1311 508 habebat.
1373 471 1520 519 Quam-

150 543 166 575 5
187 543 305 580 quam
337 532 380 569 id
406 531 534 581 ipsum
564 534 692 570 doleo.
753 535 845 571 Non
879 533 985 572 enim
1016 533 1094 571 iam
1129 534 1170 571 in
1202 548 1266 573 me
1296 534 1403 573 idem
1433 548 1518 573 esse

186 595 342 646 poteris.
403 596 605 635 Perierunt
625 597 689 635 illa
709 611 810 647 quae
829 598 1001 636 amabas.

242 662 304 699 De
332 661 442 699 Bruti
469 662 519 699 ad
547 675 610 699 me
637 661 772 699 litteris
803 662 937 712 scripsi
966 664 1017 701 ad
1046 670 1084 701 te
1112 671 1238 702 antea.
1298 665 1560 709 Prudenter4

186 724 363 775 scriptae,
386 727 456 764 sed
477 725 574 763 nihil
594 727 702 775 quod
724 740 787 765 me
806 727 1046 766 adiuvarent.
1092 729 1212 776 Quod
1233 730 1284 767 ad
1305 736 1343 767 te
1363 728 1516 778 scripsit

185 788 226 827 id
246 791 398 837 vellem,
422 798 464 828 ut
485 790 568 839 ipse
588 791 754 829 adesset.
815 792 931 830 Certe
957 792 1117 842 aliquid,
1140 793 1328 842 quoniam
1349 807 1412 832 me
1433 802 1513 832 tam

128 866 166 889 10
185 855 299 892 valde
327 862 444 901 amat,
473 854 685 893 adiuvaret.
745 856 866 903 Quod
893 856 924 894 si
949 856 1045 906 quid
1071 857 1181 904 scies,
1205 858 1350 897 scribas
1376 860 1426 897 ad
1451 872 1516 897 me

184 918 313 966 velim,
350 918 518 957 maxime
551 926 685 957 autem
719 921 848 958 Pansa
881 922 1052 970 quando.
1126 924 1188 961 De
1218 922 1350 961 Attica
1383 924 1511 970 doleo,

185 985 304 1022 credo
325 991 457 1021 tamen
478 983 651 1023 Cratero.
708 984 849 1023 Piliam
868 985 958 1036 angi
973 994 1071 1024 veta.
1131 986 1231 1025 Satis
1251 996 1310 1026 est
1330 1001 1393 1026 me
1413 1001 1515 1027 mae-

184 1061 266 1086 rere
286 1062 357 1098 pro
377 1048 574 1088 omnibus.

225 1153 311 1189 XV
488 1157 558 1190 Ser.
577 1158 725 1190 Asturae
741 1158 846 1190 vz'z'Id.
867 1158 968 1190 Mart.
990 1169 1019 1190 a.
1043 1170 1101 1200 709
1120 1160 1199 1200 (45).

126 1244 160 1274 15
592 1236 762 1267 CICERO
792 1236 974 1267 ATTICO
1003 1235 1111 1269 SAL.

234 1315 356 1365 Apud
376 1314 628 1365 Appuleium,
659 1314 847 1364 quoniam
874 1314 914 1352 in
940 1322 1174 1365 perpetuum
1201 1329 1283 1354 non
1309 1317 1447 1367 placet,
1470 1316 1510 1355 in

181 1378 264 1417 dies
289 1387 332 1417 ut
358 1393 519 1418 excuser
544 1379 707 1418 videbis.
768 1381 815 1417 In
845 1380 919 1417 hac
949 1379 1161 1417 solitudine
1190 1393 1304 1418 careo
1331 1381 1509 1419 omnium

181 1443 404 1493 conloquio,
429 1457 600 1493 cumque
627 1457 744 1482 mane
770 1457 834 1481 me
860 1443 901 1481 in
928 1443 1064 1481 silvam
1088 1444 1255 1482 abstrusi
1280 1446 1445 1483 densam
1471 1453 1510 1483 et

116 1505 122 1511 '
180 1521 369 1557 asperam,
405 1522 487 1546 non
521 1522 617 1548 exeo
656 1508 748 1547 inde
785 1516 876 1546 ante
913 1522 1131 1557 vesperum.
1204 1511 1431 1548 Secundum
1470 1518 1508 1549 te

122 1588 162 1610 20
180 1573 277 1610 nihil
298 1582 356 1612 est
377 1574 472 1612 mihi
492 1574 657 1612 amicius
678 1573 901 1612 solitudine.
962 1575 1009 1611 In
1031 1587 1076 1611 ea
1103 1573 1199 1611 mihi
1224 1574 1351 1612 omnis
1379 1588 1507 1614 sermo

179 1646 236 1676 est
257 1652 347 1676 cum
369 1638 514 1677 litteris.
562 1641 665 1676 Eum
685 1646 818 1676 tamen
838 1637 1058 1688 interpellat
1078 1640 1191 1676 fietus
1210 1652 1219 1685 ;
1248 1638 1311 1676 cui
1332 1652 1506 1688 repugno

177 1704 309 1752 quoad
344 1717 517 1753 possum,
554 1704 623 1742 sed
655 1704 787 1741 adhuc
820 1716 931 1752 pares
965 1716 1047 1740 non
1085 1715 1230 1740 sumus.
1290 1705 1422 1751 Bruto,
1464 1711 1506 1742 ut

177 1769 329 1815 suades,
366 1768 587 1807 rescribam.
647 1769 724 1806 Eas
759 1767 904 1806 litteras
938 1780 1022 1806 cras
1055 1767 1231 1806 habebis.
1292 1769 1395 1808 Cum
1433 1768 1504 1807 erit

176 1831 239 1869 cui
268 1833 348 1880 des,
380 1832 504 1871 dabis.

118 1941 154 1972 25
218 1936 328 1971 XVI
501 1940 574 1972 Ser.
589 1941 736 1971 Asturae
750 1940 848 1973 vz'Id.
863 1939 964 1972 Mart.
985 1951 1014 1972 a.
1038 1950 1096 1981 709
1116 1940 1197 1983 (45).

581 2017 750 2049 CICERO
779 2017 959 2048 ATTICO
987 2017 1094 2050 SAL.

227 2096 287 2133 Te
317 2094 393 2133 tuis
424 2095 589 2145 negotiis
623 2094 765 2133 relictis
797 2096 891 2133 nolo
921 2096 972 2133 ad
1004 2109 1068 2133 me
1095 2096 1240 2144 venire,
1268 2109 1340 2145 ego
1369 2096 1498 2147 potius
1547 2132 1549 2134 .

172 2161 371 2206 accedam,
404 2159 435 2198 si
465 2159 612 2198 diutius
643 2159 867 2209 impediere.
927 2159 1013 2198 Etsi
1041 2174 1091 2198 ne
1121 2160 1388 2199 discessissem
1418 2162 1500 2211 qui-

216 2274 235 2301 4
260 2263 421 2293 habebam
439 2263 515 2293 coni.
538 2261 660 2292 Msillcr
817 2272 836 2301 5
863 2263 894 2293 id
912 2262 986 2294 add.
1004 2263 1123 2294 Lamb.
1280 2266 1300 2295 8
1323 2265 1497 2296 adiuvaret

170 2306 349 2336 Ascenst'us
435 2317 456 2345 9
472 2306 592 2336 vellem
613 2305 658 2336 C:
681 2306 768 2336 velle
786 2305 828 2335 M
924 2317 961 2336 12
985 2312 1070 2337 veta.
1099 2307 1189 2337 Satis
1205 2312 1257 2338 est
1273 2318 1327 2338 me
1344 2319 1496 2338 maerere

171 2343 240 2378 Z'L
260 2349 404 2390 (marg.)
420 2360 426 2379 :
451 2349 586 2380 vetabat
602 2350 630 2379 is
647 2355 698 2380 est
715 2360 845 2380 merere
863 2353 917 2380 ΣΔ
1049 2351 1096 2387 18,
1114 2360 1155 2380 22
1178 2361 1232 2381 me
1254 2355 1282 2381 et
1302 2352 1410 2382 adhuc
1427 2363 1491 2383 om.

171 2392 210 2421 M
217 2391 227 2409 1
315 2393 357 2422 28
381 2393 611 2424 discessissem
628 2392 676 2422 Ps
691 2392 832 2424 Rosius:
857 2393 1081 2424 decessissem
1102 2393 1208 2424 ORM
