1827 2798
133 585 149 614 5

116 902 151 923 10

108 1549 146 1569 20

582 128 695 166 EPP.
727 129 804 165 AI)
834 128 1093 166 ATTICVM
1405 128 1514 166 XVI.
1535 139 1596 164 xv

215 256 299 291 XV
433 259 503 291 Scr.
520 261 553 290 in
571 260 733 300 Arpinati
744 265 818 291 aute
833 272 852 291 v
867 260 916 292 Id.
936 260 1008 291 Dec.
1030 272 1059 291 α.
1082 270 1138 300 710
1156 261 1243 302 (44).

578 347 748 379 CICERO
778 348 959 379 ATTICO
990 348 1095 380 SAL.

227 437 319 476 Noli
357 446 492 488 putare
531 437 683 488 pigritia
720 451 784 475 me
824 439 950 476 facere
989 440 1096 487 quod
1136 453 1216 476 non
1256 453 1343 477 mea
1381 452 1536 478 manul

172 501 353 549 scribam,
375 503 444 540 sed
472 515 536 540 me
558 503 717 540 hercule
741 501 903 552 pigritia.
970 503 1078 540 Nihil
1104 503 1209 541 enim
1241 504 1369 541 habeo
1395 504 1501 541 aliud

171 568 280 615 quod
311 566 451 604 dicam.
517 568 566 604 Et
600 574 732 604 tamen
766 566 807 604 in
838 567 913 604 tuis
948 581 1107 617 quoque
1141 568 1315 618 epistulis
1347 568 1501 606 Alexim

171 631 306 669 videor
331 645 552 680 agnoscere.
613 633 691 669 Sed
716 633 767 669 ad
794 645 875 670 rem
900 632 1025 670 venio.

226 697 311 745 Ego
340 695 372 733 si
401 709 464 733 me
493 709 574 734 non
604 695 894 746 improbissime
924 698 1131 736 Dolabella
1157 706 1368 743 tractasset,
1392 698 1503 736 dubi-

171 768 314 798 tassem
336 761 498 798 fortasse
523 769 652 798 utrum
681 761 876 799 remissior
902 775 1028 800 essem
1053 776 1103 800 an
1130 776 1286 800 summo
1307 762 1388 800 iure
1412 776 1501 800 con-

171 826 384 862 tenderem.
445 826 563 863 Nunc
588 839 679 863 vero
706 826 823 864 etiam
851 828 1005 876 gaudeo
1031 827 1125 864 mihi
1146 841 1304 865 causam
1329 828 1501 865 oblatam

170 888 210 926 in
237 902 315 938 qua
344 897 381 927 et
406 889 489 939 ipse
521 890 661 928 sentiat
691 899 729 928 et
761 891 898 941 ieliqui
930 905 1068 929 omnes
1096 905 1159 929 me
1187 892 1237 929 ab
1267 891 1333 929 illo
1362 891 1503 929 abalie—

170 961 320 1001 natum,
341 953 461 1003 idque
482 968 573 1003 prae
599 968 661 992 me
683 957 803 993 feram
827 960 894 996 †et
915 956 1076 1005 quidem
1098 969 1161 994 me
1181 969 1298 994 causa
1318 957 1444 993 facere
1465 964 1502 993 et

169 1017 222 1055 rei
248 1018 429 1067 publicae
457 1018 548 1059 cui†
571 1019 680 1056 illum
708 1020 870 1066 oderim,
894 1022 1014 1070 quod,
1038 1034 1128 1057 cum
1149 1034 1235 1058 eam
1257 1034 1320 1058 me
1343 1029 1502 1058 auctore

169 1083 382 1121 defendere
412 1083 616 1132 coepisset,
647 1098 726 1121 non
758 1086 879 1122 modo
908 1084 1121 1122 deseruerit
1150 1092 1305 1134 emptus
1335 1085 1502 1134 pecunia

169 1148 238 1185 sed
266 1147 393 1194 etiam,
421 1156 612 1196 quantum
642 1148 681 1186 in
712 1148 797 1198 ipso
824 1148 951 1195 fuerit,
971 1148 1161 1186 everterit.
1220 1150 1340 1196 Quod
1370 1158 1498 1186 autem
1521 1161 1544 1186 2

169 1212 321 1261 quaeris
352 1226 431 1261 quo
462 1214 583 1250 modo
617 1212 677 1263 agi
712 1215 874 1262 placeat,
904 1227 994 1250 cum
1030 1213 1113 1251 dies
1144 1213 1302 1259 venerit,
1332 1213 1500 1263 primum

167 1277 283 1315 velim
305 1277 388 1315 eius
410 1277 518 1316 modi
543 1277 591 1315 sit
612 1286 653 1315 ut
678 1292 759 1316 non
785 1278 958 1315 alienum
987 1277 1033 1315 sit
1055 1291 1118 1315 me
1140 1279 1293 1316 Romae
1314 1291 1422 1325 esse3
1451 1280 1501 1316 de

167 1355 246 1391 quo
268 1350 310 1380 ut
330 1343 381 1380 de
401 1342 539 1381 ceteris
561 1342 700 1380 faciam
722 1351 764 1380 ut
786 1351 826 1380 tu
848 1342 1056 1380 censueris.
1114 1344 1175 1380 De
1196 1355 1350 1380 summa
1369 1350 1499 1380 autem

165 1406 226 1457 agi
265 1421 421 1457 prorsus
461 1409 715 1446 vehementer
753 1415 791 1445 et
830 1421 962 1445 severe
1001 1408 1102 1445 volo.
1174 1407 1258 1445 Etsi
1293 1421 1501 1456 sponsores

165 1474 361 1521 appellare
399 1472 553 1511 videtur
597 1473 742 1510 habere
787 1473 987 1522 quandam
1027 1473 1223 1519 δυσωπίαν,
1258 1479 1390 1510 tamen
1423 1474 1500 1511 hoc

166 1539 281 1587 quale
309 1537 357 1575 sit
382 1538 606 1576 consideres
637 1537 765 1576 velim.
826 1539 1042 1575 Possumus
1073 1537 1189 1584 enim,
1219 1545 1262 1575 ut
1291 1551 1499 1587 sponsores

165 1604 419 1652 appellemus
437 1610 729 1653 procuratorem
751 1602 1000 1640 introducere
1015 1617 1025 1650 3
1049 1616 1178 1651 neque
1199 1602 1303 1640 enim
1321 1602 1372 1639 illi
1390 1602 1496 1640 litem

165 1668 499 1706 contestabuntur.
555 1669 648 1717 Quo
668 1670 771 1706 facto
793 1682 874 1705 non
895 1681 981 1705 sum
1004 1667 1157 1705 nescius
1178 1680 1385 1717 sponsores
1407 1667 1498 1705 libe-

163 1732 246 1770 rari.
309 1734 387 1771 Sed
412 1741 449 1772 et
474 1733 526 1771 illi
553 1741 664 1784 turpe
688 1733 853 1771 arbitror
883 1746 930 1770 eo
960 1733 1120 1770 nomine
1150 1733 1258 1781 quod
1288 1732 1379 1769 satis
1404 1733 1497 1770 dato

164 1797 307 1835 debeat
327 1806 597 1847 procuratores
619 1798 701 1836 eius
723 1812 803 1836 non
826 1797 1052 1844 dissolvere,
1068 1805 1106 1834 et
1126 1804 1282 1834 nostrae
1300 1796 1497 1846 gravitatis

127 1873 141 1903 ;
163 1859 222 1898 ius
243 1869 418 1899 nostrum
444 1863 528 1901 sine
554 1876 708 1900 summa
728 1862 830 1900 illius
851 1862 1067 1912 ignominia
1086 1861 1277 1911 persequi.
1338 1863 1399 1899 De
1421 1863 1495 1900 hoe

163 1925 258 1974 quid
288 1928 439 1976 placeat
469 1927 657 1966 rescribas
683 1927 800 1965 velim
815 1942 826 1976 3
864 1940 938 1965 nec
968 1926 1108 1965 dubito
1137 1926 1233 1976 quin
1262 1927 1338 1964 hoc
1368 1933 1494 1964 totum

162 1989 286 2028 lenius
312 1991 651 2030 administraturus
678 1992 741 2031 sis.

215 2056 356 2094 Redeo
376 2057 427 2094 ad
448 2070 528 2094 rem
550 2056 760 2106 publicam.
804 2059 932 2096 Multa
954 2072 1016 2095 me
1037 2059 1194 2095 hercule
1214 2070 1237 2094 a
1257 2064 1295 2094 te
1314 2070 1431 2106 saepe
1451 2057 1491 2094 in
1511 2066 1535 2101 3

160 2123 337 2172 πολιτικῷ
360 2135 502 2171 genere
525 2123 738 2171 prudenter
764 2124 834 2161 sed
861 2123 922 2161 his
947 2122 1083 2161 litteris
1113 2122 1210 2159 nihil
1236 2122 1491 2171 prudentius:

207 2235 219 2254 r
249 2226 281 2255 in
308 2225 466 2264 Arpinati
491 2226 579 2266 vulg.
601 2238 608 2257 :
632 2225 779 2256 Asturae
805 2226 925 2257 Gurlz'lt
1060 2237 1094 2257 11
1123 2231 1156 2256 et
1181 2226 1333 2266 quidem]
1359 2232 1392 2256 et
1414 2227 1491 2256 fidei

159 2270 237 2299 coni.
259 2267 396 2300 Maller:
422 2268 481 2300 del.
502 2269 588 2300 Reid
639 2280 692 2300 me
710 2269 782 2300 Ml:
807 2281 882 2300 mea
900 2270 954 2300 M2
970 2280 977 2299 :
1003 2280 1055 2300 me
1073 2280 1147 2300 mea
1164 2269 1279 2300 Baiter
1356 2279 1394 2300 12
1420 2270 1490 2310 cui]

159 2318 196 2342 ut
226 2312 357 2342 Baiter:
394 2322 455 2342 cur
486 2312 606 2344 Mam:
644 2313 700 2352 qui
731 2314 810 2344 coni.
840 2313 926 2343 Boot
1077 2324 1115 2352 14
1150 2313 1264 2353 fuerit]
1297 2313 1358 2342 suit
1390 2313 1490 2344 Rom.

160 2365 197 2385 21
224 2355 434 2396 appellemus
456 2355 557 2387 Orelli
573 2356 644 2398 (sed
657 2357 767 2386 conscit
783 2367 851 2387 non
873 2356 1120 2398 appellemus):
1144 2357 1355 2396 appellemur
1369 2353 1409 2387 Ζί
1430 2355 1489 2387 Μ;

158 2399 374 2438 appellentur
395 2399 517 2430 Rosius
647 2401 689 2430 26
712 2410 775 2431 nec
791 2395 915 2432 FCZb:
939 2405 973 2432 et
990 2400 1029 2431 M
