1827 2798
570 167 682 204 EPP.
714 167 790 203 AD
821 163 1078 203 ATTICVM
1423 157 1495 194 XI.
1520 165 1581 192 xx

165 287 275 324 spem
296 274 483 324 explorati
504 274 704 313 haberent.
763 274 841 312 Sed
862 280 899 312 et
918 272 994 311 alia
1019 271 1195 310 timenda
1216 276 1305 308 sunt
1332 268 1382 306 ab
1403 266 1487 305 aliis

169 340 417 390 Qm'ntz'sque,
453 349 491 378 et
529 340 579 378 ab
619 341 695 378 hoc
734 339 819 389 ipso
854 352 955 388 quae
987 339 1141 383 dantur,
1178 344 1219 374 ut
1253 349 1275 373 a
1309 332 1488 379 domino,

166 418 295 443 rursus
315 404 355 442 in
376 405 553 443 eiusdem
581 413 672 443 sunt
698 412 901 455 potestate.
962 403 1091 441 Etiam
1122 400 1306 440 Sallustio
1327 398 1485 450 ignovit.

165 469 343 509 Omnino
364 470 505 508 dicitur
525 469 673 508 nemini
695 483 860 519 negare3
889 469 998 518 quod
1019 468 1146 517 ipsum
1169 474 1226 505 est
1247 472 1484 515 suspectum,
1507 475 1532 502 2

129 546 145 577 5
166 534 368 574 notionem
394 535 477 573 eius
504 534 657 573 differri.
718 536 774 572 M.
799 533 949 572 Gallius
970 534 1019 581 Q.
1042 534 1064 570 f.
1090 531 1286 581 mancipia
1306 529 1489 568 Sallustio

165 598 347 637 reddidit.
408 601 448 637 Is
474 599 580 637 venit
604 607 646 637 ut
672 598 847 648 legiones
873 597 912 635 in
940 596 1110 636 Siciliam
1139 597 1368 634 traduceret.
1429 596 1490 631 Eo

166 663 343 714 protinus
364 664 506 702 iturum
530 665 738 703 Caesarem
761 662 894 700 Patris.
946 663 1067 711 Quod
1087 661 1117 699 si
1140 660 1253 698 faciet
1275 673 1358 709 ego,
1381 659 1489 708 quod

165 736 257 768 ante
291 730 459 776 mallem,
491 728 624 778 aliquo
658 727 817 778 propius
855 728 1054 765 accedam.
1112 727 1219 763 Tuas
1257 725 1402 762 litteras
1439 725 1490 761 ad

166 807 231 831 eas
261 793 405 843 quibus
434 807 457 832 a
486 800 523 832 te
553 792 728 844 proxime
757 792 965 831 consilium
999 790 1119 843 petivi
1147 791 1401 829 vehementer
1430 803 1491 828 ex-

110 875 148 897 10
167 866 313 910 specto.
373 860 482 898 Vale.
540 870 612 896 XVI
637 859 725 897 Kal.
748 856 1000 909 Septembris.

209 1014 320 1050 XXI
424 1017 492 1048 δον.
513 1015 676 1047 Brund'si
688 1016 724 1047 vi
735 1019 796 1047 aut
810 1026 829 1046 v
845 1015 888 1046 K.
908 1015 996 1056 Sept.
1018 1026 1048 1047 a.
1070 1025 1130 1055 707
1147 1015 1231 1055 (47).

571 1103 747 1135 CICERO
779 1103 949 1134 ATTICO
982 1103 1078 1134 SAL.

220 1193 369 1244 Accepi
397 1205 437 1231 VI
461 1194 549 1230 Kal.
573 1194 677 1242 Sept.
700 1191 845 1230 litteras
865 1205 887 1229 a
908 1199 945 1229 te
970 1192 1079 1229 datas
1104 1203 1164 1228 ΧΠ
1189 1191 1276 1228 Kal.
1301 1190 1492 1228 dolorem-
1510 1201 1529 1229 1

167 1272 244 1309 que
283 1272 401 1308 quem
440 1271 487 1296 ex
521 1257 661 1307 Quinti
700 1258 845 1295 scelere
875 1256 953 1294 iam
986 1255 1140 1306 pridem
1173 1262 1379 1305 acceptum
1414 1255 1492 1292 iam

112 1338 148 1368 15
167 1324 400 1371 abieceram,
424 1324 526 1361 lecta
554 1322 637 1361 eius
666 1321 833 1372 epistula
864 1320 1135 1371 gravissimum
1170 1320 1268 1370 cepi.
1327 1322 1389 1358 Tu
1421 1319 1492 1358 etsi

168 1402 249 1427 non
270 1387 431 1438 potuisti
460 1389 539 1426 ullo
567 1388 688 1426 modo
708 1388 835 1425 facere
860 1394 901 1424 ut
922 1385 1017 1423 mihi
1042 1385 1147 1423 illam
1175 1385 1383 1435 epistulam
1412 1399 1492 1424 non

170 1453 352 1501 mitteres,
375 1461 507 1491 tamen
528 1454 685 1490 mallem
706 1465 786 1490 non
808 1464 892 1489 esse
913 1450 1082 1488 missam.

222 1520 287 1557 Ad
308 1532 354 1557 ea
373 1526 504 1556 autem
533 1531 633 1567 quae
660 1516 796 1555 scribis
817 1517 867 1554 de
891 1522 1137 1562 testamento,
1160 1514 1312 1553 videbis
1339 1513 1435 1564 quid
1456 1521 1493 1553 et

170 1597 250 1634 quo
267 1585 399 1622 modo.
443 1585 504 1621 De
521 1582 693 1620 nummis
709 1590 747 1621 et
767 1581 832 1619 illa
848 1581 903 1619 sic
923 1580 1075 1630 scripsit
1095 1588 1137 1618 ut
1153 1594 1226 1630 ego
1241 1581 1292 1618 ad
1313 1587 1350 1618 te
1366 1587 1492 1628 antea,

113 1664 152 1686 20
170 1656 208 1687 et
229 1662 313 1697 nos,
336 1649 367 1687 si
388 1648 483 1698 quid
504 1662 603 1698 opus
624 1647 705 1694 erit,
730 1654 884 1685 utemur
903 1659 949 1684 ex
969 1659 1017 1684 eo
1038 1646 1088 1683 de
1109 1658 1188 1695 quo
1209 1644 1355 1683 scribis.

226 1716 298 1753 Ille
317 1715 368 1753 ad
391 1715 477 1752 Kal.
502 1714 606 1763 Sept.
630 1711 799 1750 Athenis
825 1725 905 1749 non
925 1710 1079 1749 videtur
1099 1712 1190 1748 fore.
1252 1711 1379 1747 Multa
1404 1723 1493 1748 eum
1513 1719 1537 1747 2

170 1780 209 1818 in
230 1779 325 1818 Asia
345 1779 529 1817 dicuntur
549 1777 701 1824 morari,
724 1776 892 1815 maxime
914 1777 1145 1813 Pharnaces.
1206 1775 1328 1825 Legio
1349 1787 1421 1822 XII,
1444 1776 1495 1813 ad

170 1858 289 1894 quam
310 1843 475 1894 primam
497 1844 604 1882 Sulla
623 1842 740 1889 venit,
759 1841 955 1892 lapidibus
971 1840 1095 1890 egisse
1116 1840 1317 1878 hominem
1340 1840 1491 1879 dicitur.

171 1912 332 1949 Nullam
359 1917 498 1960 putant
525 1922 566 1947 se
595 1915 894 1947 commoturam.
956 1907 1073 1944 Illum
1102 1905 1389 1944 arbitrabantur
1413 1920 1496 1956 pro-

55 2013 58 2016 *
115 1985 152 2017 25
172 1974 276 2013 tinus
312 1973 434 2012 Patris
466 1973 505 2011 in
537 1972 720 2012 Siciliam.
781 1973 860 2010 Sed
891 1971 922 2010 si
956 1972 1033 2009 hoc
1065 1970 1118 2008 ita
1151 1978 1223 2017 est,
1257 1971 1334 2008 huc
1368 1971 1498 2008 veniat

173 2052 333 2078 necesse
363 2046 431 2077 est.
490 2040 550 2076 Ac
570 2039 727 2076 mallem
750 2037 933 2084 lillumt3
961 2036 1095 2086 aliquo
1124 2035 1229 2074 enim
1261 2036 1382 2073 modo
1406 2036 1498 2074 hinc

174 2104 394 2142 evasissem.
454 2105 573 2141 Nunc
603 2111 737 2141 metuo
757 2116 807 2141 ne
828 2102 875 2140 sit
904 2101 1211 2151 exspectandum
1235 2107 1271 2138 et
1299 2114 1390 2138 cum
1417 2101 1499 2139 reli-

175 2169 262 2220 quis
283 2168 400 2207 etiam
421 2167 496 2206 loci
517 2168 681 2218 gravitas
703 2167 794 2205 huic
816 2166 1053 2205 miserrimae
1073 2166 1313 2215 perferenda.

221 2283 247 2313 ι,
265 2284 284 2303 2
308 2273 349 2303 ab
369 2272 443 2302 aliis
461 2272 664 2311 Quintisque
688 2270 863 2301 Lehmann
879 2283 885 2301 z
916 2270 958 2301 ab
978 2270 1119 2309 aliisque
1138 2270 1198 2300 M:
1231 2270 1273 2299 ab
1291 2269 1364 2299 aliis
1381 2268 1501 2299 Ascen-

175 2318 243 2347 δίης
385 2326 404 2354 5
429 2317 634 2346 mentionem
655 2315 719 2345 mei
738 2314 823 2344 Reid
837 2314 901 2345 coll.
925 2324 976 2344 21.
994 2314 1086 2353 3fin.
1237 2315 1257 2343 6
1282 2313 1390 2344 E0C:
1414 2318 1447 2343 et
1465 2312 1507 2342 Μ

179 2371 218 2390 ro
241 2360 341 2401 Vale]
360 2360 434 2389 hinc
447 2360 563 2389 ilerum
582 2359 688 2398 incipit
708 2357 754 2388 W
850 2368 906 2387 xvr
927 2357 986 2387 M:
1021 2367 1083 2387 xm
1106 2356 1152 2387 W
1293 2367 1333 2394 23
1358 2358 1500 2397 primam

178 2404 380 2434 Gronovius:
417 2404 560 2443 primum
585 2402 674 2433 codd.
805 2402 946 2431 eiecisse
974 2400 1093 2431 Orelli:
1127 2401 1282 2440 exegisse
1314 2400 1505 2441 chseubetg

176 2457 213 2486 24
241 2448 443 2478 arbitrantur
464 2447 510 2477 W
637 2446 679 2476 26
704 2445 785 2476 illim
806 2444 1018 2484 Orellitsort.
1040 2444 1118 2475 illuc
