1827 2798
165 137 286 176 XIII.
310 138 388 175 xix
681 138 736 174 M.
768 137 937 174 TVLLI
968 135 1275 174 CICERONIS

313 247 367 286 illi
401 249 451 286 de
483 247 527 285 iis
562 246 779 285 somniasse
807 259 997 296 umquam
1026 245 1259 285 viderentur.
1320 247 1461 296 Itaque
1494 253 1537 284 ut
1569 246 1644 296 legi

312 322 397 351 tuas
432 314 481 351 de
511 314 699 359 Varrone,
735 319 937 361 tamquam
976 312 1124 363 ἕρμαιον
1160 310 1323 362 adripui.
1382 310 1525 361 Aptius
1559 325 1645 349 esse

311 378 407 415 nihil
428 376 555 427 potuit
575 378 626 415 ad
652 376 694 416 id
720 376 993 427 philosophiae
1019 390 1142 427 genus
1161 390 1242 427 quo
1268 376 1333 415 ille
1358 376 1528 414 maxime
1548 376 1645 414 mihi

311 441 496 480 delectari
516 441 679 489 videtur,
703 445 897 491 †easque†
916 442 1035 493 partis
1064 450 1107 480 ut
1130 456 1211 480 non
1242 442 1315 480 sim
1339 449 1575 480 consecutus
1602 449 1645 479 ut

311 506 486 557 superior
506 520 596 545 mea
615 520 733 545 causa
752 506 939 545 videatur.
991 509 1090 546 Sunt
1109 506 1216 545 enim
1235 508 1490 544 vehementer
1508 506 1645 544 πιθανὰ
1663 520 1681 552 5

310 571 525 610 Antiochia
539 587 549 620 ς
579 586 680 622 quae
710 571 916 622 diligenter
944 586 968 611 a
996 586 1060 611 me
1089 585 1270 622 expressa
1297 585 1466 610 acumen
1496 572 1645 610 habent

310 637 509 685 Antiochi,
532 636 701 675 nitorem
728 637 915 676 orationis
942 645 1130 684 nostrum,
1154 637 1185 675 si
1209 637 1332 675 modo
1356 636 1387 674 is
1417 644 1475 675 est
1504 637 1644 686 aliquis

310 702 349 740 in
389 702 515 740 nobis.
593 703 672 741 Sed
710 709 752 740 tu
795 703 1002 741 dandosne
1046 710 1159 752 putes
1201 703 1274 740 hos
1319 701 1439 740 libros
1478 702 1645 741 Varroni

308 769 423 805 etiam
443 775 562 817 atque
588 767 707 806 etiam
727 767 890 806 videbis.
951 767 1054 805 Mihi
1084 768 1280 817 quaedam
1304 774 1541 816 occurrunt3
1575 768 1645 806 sed

309 846 356 872 ea
376 846 519 871 coram.
1667 846 1705 868 10

354 934 440 969 XX
520 937 590 969 Scr.
607 939 642 969 in
658 938 822 980 Arpinati
833 939 869 970 vi
881 943 940 969 aut
954 949 974 970 v
989 937 1077 971 Non.
1095 937 1208 978 Quint.
1226 948 1256 971 a.
1276 948 1336 979 709
1355 936 1437 980 (45).

719 1016 891 1048 CICERO
921 1015 1102 1047 ATTICO
1131 1015 1238 1048 SAL.

277 1109 296 1136 1
367 1095 403 1132 A
425 1094 593 1133 Caesare
622 1094 768 1133 litteras
798 1094 933 1144 accepi
963 1093 1244 1132 consolatorias
1265 1095 1376 1132 datas
1406 1093 1530 1144 pridie
1554 1095 1642 1132 Kal.

315 1159 442 1197 Maias
477 1159 644 1209 Hispali.
706 1161 768 1198 De
799 1160 895 1198 urbe
925 1160 1107 1209 augenda
1137 1159 1233 1208 quid
1271 1159 1320 1197 sit
1352 1160 1644 1209 promulgatum

311 1238 392 1262 non
413 1224 595 1263 intellexi.
656 1226 705 1264 Id
726 1225 822 1263 scire
843 1238 936 1263 sane
957 1225 1084 1263 velim.
1139 1225 1343 1274 Torquato
1363 1232 1496 1262 nostra
1516 1224 1644 1262 officia
1664 1239 1703 1271 15

270 1297 418 1339 2grata
450 1303 535 1327 esse
569 1289 682 1328 facile
720 1289 846 1339 patior
884 1303 1009 1339 eaque
1042 1302 1184 1339 augere
1215 1302 1296 1326 non
1330 1288 1519 1327 desinam.
1579 1290 1645 1328 Ad

313 1354 559 1403 Ligarianam
586 1355 636 1393 de
663 1368 783 1393 uxore
803 1354 1027 1393 Tuberonis
1057 1362 1095 1392 et
1124 1353 1300 1404 privigna
1326 1367 1456 1403 neque
1482 1367 1644 1404 possum

310 1418 387 1456 iam
417 1421 564 1458 addere
594 1420 669 1469 (est
699 1419 804 1458 enim
839 1419 1080 1469 pervulgata)
1111 1432 1240 1468 neque
1270 1419 1524 1457 Tuberonem
1555 1422 1646 1459 volo

310 1485 534 1532 offendere3
573 1484 736 1523 mirifice
766 1492 824 1523 est
850 1484 956 1522 enim
987 1485 1182 1533 φιλαίτιος.
1241 1485 1458 1522 Theatrum
1483 1484 1645 1534 quidem

267 1561 291 1599 3
311 1563 404 1588 sane
426 1550 573 1588 bellum
594 1549 776 1588 habuisti.
821 1552 907 1600 Ego
927 1549 999 1588 etsi
1020 1551 1097 1588 hoc
1121 1551 1210 1587 1060
1231 1549 1414 1588 facillime
1435 1557 1642 1597 sustentor,
1667 1564 1705 1586 20

310 1623 442 1653 tamen
475 1623 512 1653 te
543 1615 675 1654 videre
706 1615 834 1666 cupio.
899 1617 1040 1665 Itaque
1075 1622 1117 1654 ut
1150 1614 1336 1653 constitui
1367 1616 1498 1653 adero.
1558 1616 1646 1653 Fra-

310 1688 408 1718 trem
436 1682 554 1719 credo
581 1694 604 1718 a
630 1688 668 1719 te
697 1694 783 1719 esse
812 1688 1064 1719 conventum.
1125 1680 1230 1719 Scire
1251 1680 1366 1730 igitur
1386 1681 1527 1718 studeo
1549 1680 1645 1730 quid

309 1745 443 1796 egeris.

264 1819 291 1857 4
366 1813 427 1849 De
457 1812 560 1849 fama
589 1810 685 1849 nihil
715 1824 809 1850 sane
838 1811 1002 1860 labor03
1041 1811 1114 1850 etsi
1144 1811 1373 1862 scripseram
1403 1812 1454 1850 ad
1484 1819 1522 1850 te
1549 1819 1644 1850 tunc

310 1877 427 1914 stulte
451 1875 568 1914 ‘nihil
590 1876 728 1915 melius
742 1878 776 1924 '3
809 1878 1030 1915 curandum
1057 1877 1163 1915 enim
1184 1891 1265 1916 non
1286 1885 1354 1915 est.
1414 1879 1546 1926 Atque
1567 1878 1644 1916 hoc
1667 1891 1702 1922 25

312 1941 375 1979 ‘in
403 1940 511 1980 omni
538 1941 617 1979 vita
646 1955 716 1979 sua
745 1955 944 1992 quemque
973 1956 996 1980 a
1025 1950 1130 1980 recta
1159 1941 1401 1980 conscientia
1430 1949 1643 1980 traversum

310 2019 482 2055 unguem
516 2020 597 2044 non
636 2014 790 2057 oportet
828 2007 1055 2046 discedere'
1086 2007 1205 2045 viden
1239 2020 1358 2057 quarn
1393 2008 1645 2057 φιλοσόφωςὲ

311 2073 374 2109 An
413 2079 454 2109 tu
494 2084 565 2110 nos
603 2072 744 2110 frustra
781 2072 978 2111 existimas
1016 2073 1114 2111 haec
1159 2072 1199 2110 in
1247 2072 1429 2111 manibus
1468 2074 1645 2112 habere?

354 2187 373 2214 4
398 2186 557 2215 measque
590 2177 694 2216 partis
724 2176 866 2207 Rosius:
905 2187 1033 2216 eaeque
1065 2181 1144 2207 sunt
1177 2182 1291 2216 partes
1318 2177 1399 2208 coni.
1430 2176 1532 2208 Reid:
1569 2181 1646 2218 post

311 2219 415 2259 partis
448 2220 594 2251 exa'disse
626 2231 690 2260 ego
725 2221 806 2251 mihi
842 2221 970 2260 sumpsi
1003 2221 1053 2251 vel
1082 2221 1186 2251 simile
1219 2221 1302 2260 quid
1327 2224 1427 2261 putat
1457 2221 1646 2262 Wesenbetg

311 2274 331 2302 9
356 2264 455 2293 etiam
473 2263 548 2296 add.
562 2268 631 2294 vett.
784 2274 820 2303 15
845 2265 931 2295 scire
948 2274 1031 2295 sane
1047 2275 1075 2295 v.
1096 2275 1118 2296 a.
1138 2263 1167 2294 L
1187 2265 1325 2305 (marg.)
1342 2264 1410 2294 RP
1425 2265 1511 2296 Crat.
1527 2277 1533 2296 :
1559 2276 1643 2296 sane

311 2307 398 2336 scire
416 2312 444 2337 Δ
590 2309 629 2338 16
652 2308 693 2337 ad
725 2307 936 2347 Ligarianam
964 2307 1092 2339 ORPC
1111 2319 1142 2340 v.
1166 2319 1191 2339 c.
1215 2307 1244 2337 L
1269 2308 1410 2349 (marg.)
1428 2302 1494 2339 Zb:
1530 2319 1594 2339 om.
1615 2314 1643 2339 Δ

313 2350 398 2381 Crat.
544 2361 583 2391 19
607 2351 782 2381 offendere
807 2351 956 2382 Ernesti:
994 2352 1179 2383 defendere
1204 2351 1246 2382 M
1384 2362 1426 2383 20
1450 2352 1642 2383 habuissem

311 2395 389 2425 (oni.
406 2393 490 2424 Boot
622 2404 663 2433 25
688 2395 791 2434 Atqui
808 2395 930 2426 Rosius
