1827 2798
543 120 654 157 EPP.
688 120 764 156 AD
795 120 1056 158 ATTICVM
1365 117 1509 155 XVM

133 226 295 266 adfatim
322 241 488 278 prorsus,
511 231 580 268 sed
603 232 810 269 Xenonem
841 230 1047 280 perexigue
1077 235 1114 267 et
1140 228 1330 281 γλίσχρως
1357 240 1464 277 prae-

134 293 225 331 bere
256 291 312 345 [id
342 301 399 331 est
430 293 681 347 minutatim}
742 296 862 343 Quod
893 296 979 344 plus
1010 293 1237 344 permutasti
1265 306 1381 342 quam
1412 293 1464 330 ad

132 358 301 395 fructum
333 358 557 406 insularum,
594 359 633 397 id
666 360 728 398 ille
761 373 888 398 annus
921 360 1063 398 habeat
1095 359 1133 396 in
1164 373 1281 408 quem
1318 357 1464 395 itineris

131 430 310 472 sumptus
340 424 514 461 accessit.
576 424 683 462 Hinc
710 438 756 462 ex
779 426 865 462 Kal.
890 426 981 474 Apr.
1005 426 1055 462 ad
1078 426 1147 462 HS
1171 435 1284 460 Lxxx
1311 436 1465 460 accom-

93 499 110 531 5
131 487 323 524 modetur.
384 489 502 525 Nunc
522 488 626 526 enim
649 488 798 527 insulae
819 496 981 526 tantum.
1028 489 1257 526 Videndum
1279 487 1383 526 enim
1405 495 1464 526 est

129 551 237 600 quid,
260 565 350 590 curn
374 554 527 591 Romae
547 553 627 591 erit.
683 555 775 591 Non
797 554 902 592 enim
924 562 1019 604 puto
1040 567 1195 592 socrum
1216 553 1319 591 illam
1343 554 1464 590 feren-

129 617 232 654 dam.
292 616 463 654 Pindaro
484 618 534 655 de
551 618 733 656 Cumano
755 632 947 668 negaram.
1002 620 1119 656 Nunc
1140 618 1250 656 cuius
1271 617 1324 656 rei
1346 630 1463 656 causa
1482 619 1508 657 6

130 680 373 718 tabellarium
391 681 561 719 miserim
577 681 721 731 accipe.
769 682 941 730 Quintus
958 683 1058 720 filius
1080 682 1175 720 mihi
1195 682 1401 732 pollicetur
1421 696 1462 720 se

130 746 336 784 Catonem.
396 745 486 795 Egit
511 754 643 784 autem
668 754 705 784 et
732 754 841 796 pater
868 756 905 785 et
936 747 1036 785 filius
1057 755 1098 785 ut
1125 747 1195 786 tibi
1225 748 1461 797 sponderem

73 824 112 846 10
130 810 200 847 sed
231 809 284 848 ita
314 817 356 847 ut
390 817 473 847 tum
505 812 682 849 crederes
721 824 812 848 cum
847 810 929 860 ipse
963 825 1185 861 cognosses.
1246 811 1354 850 Huic
1388 825 1461 861 ego

129 874 274 912 litteras
304 874 424 925 ipsius
453 875 639 913 arbitratu
669 877 784 914 dabo.
845 877 926 914 Eae
961 883 998 914 te
1029 890 1078 915 ne
1111 877 1312 915 moverint.
1375 879 1459 915 Has

129 939 263 989 scripsi
284 940 323 977 in
351 954 437 978 eam
464 948 612 991 partem
638 954 687 979 ne
712 954 775 979 me
798 948 950 978 motum
979 950 1143 991 putares.
1206 941 1256 979 Di
1277 942 1396 980 faxint
1418 950 1460 981 ut

128 1005 243 1043 faciat
267 1019 312 1044 ea
333 1020 433 1056 quae
460 1006 676 1055 promittit!
733 1007 958 1045 Commune
988 1006 1093 1044 enim
1123 1007 1320 1056 gaudium.
1381 1008 1460 1046 Sed

128 1070 353 1120 ego—nihil
382 1071 473 1109 dico
501 1071 680 1120 amplius.
741 1072 779 1109 Is
806 1071 899 1109 hinc
927 1083 983 1108 V11
1011 1073 1116 1109 Idus.
1176 1072 1242 1109 Ait
1273 1071 1376 1109 enim
1406 1079 1459 1109 at-

71 1148 107 1179 ¹5
127 1135 380 1174 tributionem
408 1135 447 1173 in
477 1137 583 1182 Idus,
606 1149 647 1174 se
675 1143 806 1173 autem
836 1135 960 1186 urgeri
989 1136 1136 1174 acriter.
1196 1138 1257 1173 Tu
1286 1149 1332 1173 ex
1361 1136 1458 1174 meis

127 1200 260 1238 litteris
300 1214 379 1250 quo
418 1202 539 1238 modo
577 1201 815 1250 respondeas
861 1201 1126 1239 moderabere.
1200 1202 1325 1247 Plura,
1366 1214 1457 1238 cum

127 1272 164 1302 et
192 1267 356 1302 Brutum
385 1264 519 1303 videro
549 1272 586 1303 et
618 1268 776 1303 Erotem
807 1264 1012 1303 remittam.
1073 1265 1228 1304 Atticae
1257 1279 1368 1304 meae
1397 1279 1458 1304 ex-

125 1329 368 1368 cusationem
400 1330 551 1380 accipio
581 1344 747 1380 eamque
776 1343 867 1369 amo
896 1329 1134 1380 plurimum;
1171 1329 1234 1368 cui
1267 1337 1305 1368 et
1336 1329 1456 1369 Piliae

125 1395 300 1433 salutem.

68 1513 109 1536 20
169 1501 218 1536 ῙῙ
393 1504 462 1537 Scr.
483 1506 515 1537 in
533 1505 715 1537 Puteolano
731 1505 811 1538 vId.
834 1506 945 1545 Quint.
966 1517 997 1537 a.
1022 1516 1079 1545 710
1098 1506 1184 1546 (44).

534 1584 707 1615 CICERO
730 1583 911 1614 ATTICO
934 1583 1042 1615 SAL.

178 1666 217 1692 V1
252 1656 348 1694 Idus
379 1657 477 1694 duas
511 1656 696 1706 epistulas
729 1655 875 1705 accepi,
909 1669 1027 1693 unam
1061 1669 1084 1693 a
1118 1669 1207 1694 meo
1240 1655 1451 1703 tabellario,
1474 1668 1491 1695 1

122 1720 282 1758 alteram
303 1736 326 1758 a
349 1721 467 1759 Bruti.
529 1723 590 1759 De
612 1721 826 1759 Buthrotiis
848 1722 963 1770 longe
989 1720 1064 1758 alia
1091 1722 1193 1758 fama
1217 1720 1256 1758 in
1278 1720 1336 1759 his
1358 1721 1453 1759 locis

123 1785 255 1832 fuerat,
279 1787 348 1824 sed
374 1800 464 1824 cum
491 1785 575 1824 aliis
601 1786 731 1823 multis
759 1787 834 1824 hoc
861 1787 1077 1824 ferendum.
1138 1787 1298 1824 Erotem
1323 1786 1454 1825 remisi

66 1860 103 1892 ²5
122 1850 235 1888 citius
265 1864 383 1900 quam
413 1851 701 1897 constitueram,
730 1858 772 1888 ut
801 1858 902 1888 esset
931 1850 998 1900 qui
1026 1850 1241 1889 Hortensio
1270 1858 1309 1889 et
1337 1851 1454 1900 †quia

122 1919 168 1953 el·
199 1915 342 1965 quibus
373 1916 533 1965 quidem
567 1916 620 1953 ait
651 1929 693 1953 se
723 1915 860 1953 Idibus
895 1915 1154 1953 constituisse.
1215 1916 1452 1954 Hortensius

121 1993 212 2018 vero
232 1980 490 2030 impudenter.
550 1980 659 2017 Nihil
686 1979 790 2017 enim
815 1980 981 2018 debetur
1010 1980 1045 2017 ei
1070 1980 1143 2017 nisi
1164 1993 1209 2017 ex
1230 1980 1340 2017 tertia
1361 1994 1452 2030 pen-

123 2045 231 2083 sione
246 2059 345 2094 quae
362 2053 419 2083 est
436 2047 521 2082 Kal.
539 2047 660 2091 Sext.;
695 2058 740 2082 ex
754 2057 832 2093 qua
845 2044 1035 2093 pensione
1051 2044 1135 2094 ipsa
1152 2044 1274 2081 maior
1290 2058 1376 2094 pars
1393 2052 1451 2082 est

121 2109 156 2147 ei
177 2111 303 2148 soluta
323 2109 523 2158 aliquanto
543 2117 634 2147 ante
655 2108 771 2146 diem.
818 2109 896 2146 Sed
910 2110 1006 2146 haec
1023 2111 1120 2146 Eros
1134 2109 1283 2147 videbit
1298 2109 1446 2148 Idibus.

164 2224 182 2243 2
209 2215 240 2243 id
256 2218 306 2243 est
324 2213 508 2243 minutatim
525 2212 582 2243 dcl.
601 2211 764 2243 Cormdns
855 2211 954 2250 Quod
978 2211 1127 2242 Ernesti:
1153 2223 1219 2251 quo
1236 2213 1276 2243 M
1410 2224 1448 2252 14

120 2267 169 2286 vxi
188 2257 241 2287 M:
266 2267 298 2286 vx
321 2256 415 2286 Rom.
546 2265 585 2293 23
611 2267 628 2286 a
646 2255 720 2285 add.
743 2255 862 2286 Lamb.
954 2265 994 2293 25
1021 2255 1225 2296 Hortensio]
1247 2257 1448 2287 Hordeonio

121 2300 243 2330 Scln'ae'l:
257 2300 322 2329 coll.
338 2300 405 2329 xiii.
421 2300 473 2338 46.
486 2300 607 2338 3,s0rl.
624 2303 697 2328 recte
786 2300 863 2337 quia
880 2297 915 2338 e]
933 2305 966 2328 et
984 2299 1208 2330 coheredibus
1228 2301 1280 2336 (jsc.
1301 2301 1446 2339 solwret)

122 2343 239 2373 lum'ns
253 2344 320 2373 coll.
340 2345 371 2374 6.
385 2353 414 2381 3,
435 2343 508 2372 bene
523 2355 529 2372 :
554 2353 672 2372 nomen
685 2344 858 2383 proprium
870 2341 1028 2371 desiderat
1038 2342 1178 2379 Miillenz
1207 2343 1351 2373 Publilio
1364 2345 1442 2374 coni.

123 2387 235 2417 Orelli:
263 2387 368 2416 Oviae
388 2386 507 2416 Gurlstt
523 2387 589 2416 coll.
608 2386 680 2417 xiii.
693 2397 744 2417 22.
762 2397 780 2425 4
798 2397 803 2415 :
832 2386 959 2425 Leptae
977 2386 1127 2416 Schmidt
1235 2388 1277 2416 26
1295 2386 1445 2418 Horten-

119 2429 204 2471 sius]
226 2430 446 2460 Hordeonius
462 2429 584 2460 Sclmtz
