1827 2798
172 141 290 180 XIII.

272 725 288 751 1

314 141 390 178 viii
676 139 732 176 M.
764 137 933 174 TVLLI
965 135 1273 175 CICERONIS

310 254 516 292 Nolanove
544 249 691 288 venalis
722 248 780 286 sit.
841 247 1056 299 Epitomen
1086 248 1196 286 Bruti
1228 248 1504 289 Caelianorum
1525 250 1641 290 velim

311 317 403 356 mihi
439 316 569 354 mittas
601 322 639 352 et
672 327 695 351 a
730 312 949 352 Philoxeno
980 315 1183 353 Παναιτίου
1215 315 1298 365 περὶ
1331 316 1514 366 προνοίας.
1583 318 1643 355 Te

311 383 451 421 Idibus
471 380 618 419 videbo
638 393 729 418 cum
751 378 838 417 tuis.

351 529 419 564 IX
559 529 629 563 Scr.
650 531 684 561 in
705 529 894 562 Tusculano
909 530 966 562 xiv
980 530 1025 561 K.
1044 530 1158 570 Quint.
1178 541 1208 562 a.
1228 540 1287 572 709
1307 530 1389 572 (45).

718 619 891 652 CICERO
922 620 1105 652 ATTICO
1134 620 1241 653 SAL.

364 709 635 750 Commodum
663 708 898 747 discesseras
925 707 1008 746 heri
1033 721 1124 746 cum
1152 707 1361 747 Trebatius
1386 707 1503 756 venit,
1527 709 1646 759 paulo

309 783 398 826 post
437 775 607 821 Curtius,
650 774 714 812 hic
753 773 949 812 salutandi
989 787 1108 812 causa
1146 775 1216 812 sed
1257 774 1400 812 mansit
1447 774 1643 813 invitatus.

309 839 541 879 Trebatium
576 838 786 877 nobiscum
820 838 1025 877 habemus.
1098 839 1235 878 Hodie
1274 853 1390 878 mane
1423 840 1643 879 Dolabella.

311 907 463 944 Multus
504 918 632 944 sermo
671 905 724 943 ad
764 906 932 942 multum
976 904 1093 943 diem.
1162 905 1272 942 Nihil
1313 918 1475 955 possum
1516 905 1646 944 dicere

310 973 574 1021 ἐκτενέστερον,
598 970 695 1008 nlhil
724 971 1077 1023 φιλοστοργότερον.
1138 972 1314 1009 Ventum
1346 978 1403 1009 est
1434 980 1565 1009 tamen
1595 972 1646 1009 ad

311 1036 518 1086 Quintum.
581 1037 710 1074 Multa
748 1038 886 1085 ἄφατα,
920 1037 1111 1088 ἀδιήγητα,
1148 1037 1218 1074 sed
1252 1050 1376 1074 unum
1416 1036 1499 1074 eius
1538 1036 1648 1075 modi

311 1103 420 1152 quod
441 1100 515 1139 nisi
537 1100 728 1139 exercitus
759 1100 887 1148 sciret)
909 1115 990 1139 non
1016 1102 1138 1139 modo
1159 1100 1295 1138 Tironi
1321 1101 1468 1139 dictare
1499 1102 1568 1139 sed
1598 1114 1648 1139 ne

311 1167 394 1217 ipse
415 1166 577 1216 quidem
599 1166 786 1203 auderem
810 1165 989 1204 scribere.
1022 1196 1030 1203 .
1063 1196 1070 1203 .
1103 1196 1111 1203 .
1145 1166 1223 1203 Sed
1245 1167 1445 1204 hactenus.

366 1232 553 1280 Εὐκαίρως
583 1232 634 1268 ad
668 1244 732 1268 me
761 1230 877 1276 venit,
912 1244 1002 1268 cum
1038 1231 1224 1268 haberem
1260 1231 1520 1277 Dolabellam,
1554 1232 1650 1269 Tor-

313 1304 454 1347 quatus
502 1295 867 1345 humanissimeque
918 1295 1126 1333 Dolabella
1165 1295 1308 1345 quibus
1347 1295 1474 1334 verbis
1514 1309 1647 1334 secum

312 1363 478 1413 egissem
500 1361 690 1412 exposuit.
734 1362 1005 1400 Commodum
1028 1361 1133 1399 enim
1156 1374 1310 1410 egeram
1327 1360 1650 1410 diligentissime3

313 1442 414 1478 quae
444 1426 646 1477 diligentia
674 1434 782 1476 grata
810 1433 869 1464 est
890 1425 971 1463 visa
996 1428 1211 1475 Torquato.
1270 1427 1307 1463 A
1337 1433 1374 1464 te
1404 1432 1589 1475 exspecto
1619 1425 1651 1463 si

313 1493 409 1543 quid
431 1494 481 1532 de
503 1495 637 1531 Bruto.
698 1493 953 1541 Quamquam
985 1491 1121 1529 Nicias
1148 1492 1373 1529 confectum
1396 1491 1559 1541 putabat
1580 1492 1650 1529 sed

313 1559 524 1598 divortium
565 1571 645 1596 non
684 1557 854 1608 probari.
923 1559 1016 1607 Quo
1050 1557 1167 1596 etiam
1207 1556 1330 1607 magis
1368 1557 1505 1595 laboro
1543 1556 1650 1595 idem

313 1626 422 1674 quod
456 1632 509 1662 tu.
569 1624 610 1663 Si
641 1623 737 1674 quid
773 1631 831 1662 est
864 1622 969 1661 enim
1002 1622 1241 1670 offensionis,
1278 1624 1376 1661 haec
1410 1635 1469 1661 res
1503 1622 1651 1661 mederi

313 1698 454 1740 potest.

370 1755 471 1793 Mihi
495 1755 692 1805 Arpinum
717 1757 894 1795 eundum
922 1763 990 1794 est.
1052 1756 1157 1793 Nam
1182 1762 1220 1793 et
1248 1767 1347 1805 opus
1377 1761 1435 1792 est
1465 1752 1652 1792 constitui

313 1834 336 1858 a
356 1820 470 1858 nobis
498 1819 562 1858 illa
585 1820 788 1870 praediola
809 1829 846 1859 et
867 1834 1002 1859 vereor
1028 1833 1078 1858 ne
1105 1819 1273 1858 exeundi
1294 1825 1468 1869 potestas
1495 1831 1576 1855 non
1604 1816 1652 1855 sit

314 1898 405 1923 cum
441 1886 586 1924 Caesar
623 1886 799 1934 venerit3
843 1887 894 1924 de
933 1885 1043 1923 cuius
1082 1886 1255 1923 adventu
1294 1897 1381 1922 eam
1421 1882 1651 1933 opinionem

316 1949 525 1988 Dolabella
559 1950 679 1988 habet
711 1964 830 2001 quam
862 1958 904 1988 tu
935 1950 1202 1988 coniecturam
1233 1948 1404 1987 faciebas
1439 1961 1485 1986 ex
1514 1947 1650 1986 litteris

316 2016 536 2053 Messallae.
609 2017 711 2055 Cum
743 2015 834 2053 illuc
869 2028 1013 2053 venero
1049 2014 1356 2064 intellexeroque
1391 2012 1487 2063 quid
1519 2011 1651 2062 negoti

315 2080 374 2128 sit,
398 2087 481 2118 tum
502 2081 553 2119 ad
578 2094 677 2130 quos
700 2080 784 2119 dies
805 2080 999 2119 rediturus
1020 2079 1093 2118 sim
1116 2079 1283 2118 scribam
1304 2079 1355 2117 ad
1377 2085 1424 2116 te.

362 2193 375 2212 1
398 2182 573 2213 Nolanove
592 2182 751 2213 Vrsinus:
769 2182 891 2213 nolano
904 2181 946 2211 M
1034 2192 1072 2212 10
1090 2182 1226 2212 tandem
1242 2181 1335 2212 Man.
1433 2190 1468 2211 11
1488 2180 1653 2218 Quintum

320 2225 394 2256 Vist.
417 2237 423 2256 ε
449 2237 513 2265 que
532 2225 572 2255 M
735 2236 772 2264 13
792 2229 869 2266 post
883 2226 1031 2256 scribere
1052 2225 1264 2255 iudicandam
1288 2235 1352 2255 esse
1376 2225 1473 2255 talem
1498 2225 1654 2254 lacunam

316 2270 447 2308 qualem
473 2270 505 2299 in
523 2270 617 2300 Fam.
647 2270 689 2300 iii.
722 2280 770 2300 10.
807 2280 842 2299 11
870 2270 1090 2300 invenem'mzts
1123 2272 1221 2309 putat
1258 2267 1436 2298 Lelmnum
1570 2268 1654 2296 haec

317 2316 392 2343 ante
418 2314 580 2343 hactenus
604 2313 680 2344 add.
709 2313 893 2343 Cratander
1036 2322 1073 2351 15
1099 2312 1409 2351 humanissimeque
1428 2336 1435 2343 .
1452 2335 1460 2343 .
1482 2335 1489 2342 .
1511 2310 1654 2348 diligen-

318 2356 447 2386 tissime
465 2367 551 2394 quae
570 2360 592 2386 Σ
610 2357 648 2387 l:
678 2357 920 2387 humanissime
937 2367 1025 2395 quae
1043 2356 1163 2397 (celcris
1179 2356 1324 2397 onn‘ssis)
1343 2361 1371 2385 Δ
1513 2363 1553 2393 25
1579 2362 1653 2384 cum

313 2403 388 2439 post
405 2404 438 2429 tu
456 2399 595 2431 addend.
615 2401 692 2431 coni.
712 2399 830 2431 Lamb.

1671 984 1706 1005 10

1673 1634 1712 1656 20

1672 1958 1710 1990 25
