1827 2798
595 148 602 157 ”
633 147 745 184 ΕΡΡ.
778 147 856 184 AD
886 146 1145 186 ATTICVM
1178 151 1185 155 ’
1466 149 1591 186 1X.·x

212 255 439 295 inconstans
488 257 557 295 sed
597 258 786 295 demens.'
862 259 910 296 In
948 258 1086 296 eadem
1127 257 1292 308 epistula
1331 257 1408 296 alio
1447 259 1549 306 loco,

215 321 346 359 ‘Nihil
373 320 604 371 relinquitur
629 322 703 360 nisi
729 324 830 371 fuga,
854 322 917 361 cui
946 330 984 361 te
1013 322 1164 361 socium
1192 322 1420 372 neutiquam
1453 332 1548 373 puto

212 398 297 424 esse
329 393 509 435 oportere
546 400 621 425 nec
651 400 840 437 umquam
879 387 1036 437 putavi!
1093 389 1237 425 Totam
1275 395 1406 426 autem
1446 389 1547 426 hanc
1570 397 1592 435 7

213 450 538 489 deliberationem
568 451 714 490 evolvis
742 452 960 490 accuratius
987 452 1025 489 in
1053 451 1188 489 litteris
1214 464 1286 489 vul
1319 453 1408 490 Kal.
1432 454 1548 490 Mart.

175 526 192 558 5
213 514 325 562 datis,
351 514 412 553 ‘Si
443 516 513 553 M’.
529 515 706 565 Lepidus
724 523 763 554 et
779 517 824 553 L.
840 516 1049 554 'Volcacius
1070 524 1283 562 remanent,
1308 518 1547 555 manendum

212 587 320 630 puto,
353 579 406 618 ita
436 588 490 628 ut,
522 579 555 619 si
585 582 715 619 salvus
748 581 797 620 sit
828 580 1041 630 Pompeius
1072 588 1110 618 et
1144 580 1360 621 constiterit
1390 580 1545 627 alicubi,

211 643 314 681 hanc
347 646 490 683 νέκυιαν
522 645 718 695 relinquas
757 652 794 683 et
832 653 870 683 te
902 644 941 682 in
973 644 1185 682 certamine
1216 645 1318 682 vinci
1357 659 1445 683 curn
1481 645 1547 684 illo

210 707 360 746 facilius
382 708 537 758 patiaris
558 723 676 759 quam
698 723 788 747 cum
809 710 886 746 hoc
906 709 946 746 in
973 723 1020 747 ea
1046 722 1147 758 quae
1172 709 1401 759 perspicitur
1420 711 1546 747 futura.

211 773 379 811 colluvie
413 775 596 823 regnare.²
655 775 783 811 Multa
816 773 992 823 disputas
1027 773 1118 811 huic
1150 774 1374 812 sententiae
1408 788 1545 812 conve-

154 851 192 872 10
212 836 371 875 nientia.
430 839 531 876 Inde
557 839 607 876 ad
635 846 863 885 extremum,
897 840 905 856 ‘
922 837 1031 886 Quid
1053 838 1082 875 si
1098 839 1105 853 '
1127 838 1256 888 inquis
1289 842 1297 858 ‘
1314 839 1487 888 Lepidus
1509 847 1545 878 et

211 903 421 940 Volcacius
449 903 686 941 discedunt?
744 905 864 941 Plane
891 906 1026 953 ἀπορῶ.
1085 905 1206 951 Quod
1233 904 1404 942 evenerit
1434 903 1546 953 igitur

211 975 248 1005 et
269 969 377 1016 quod
399 967 520 1017 egeris
541 967 582 1005 id
598 969 793 1017 στερκτέον
812 968 985 1016 putabo.'
1043 967 1081 1005 Si
1104 975 1186 1004 tum
1209 967 1417 1015 dubitaras‚
1442 982 1546 1006 nunc

211 1039 314 1070 certe
345 1045 425 1069 non
458 1031 614 1069 dubitas
646 1031 728 1069 istis
760 1031 1023 1069 manentibus.
1083 1031 1239 1069 Deinde
1271 1031 1309 1069 in
1344 1032 1427 1081 ipsa
1459 1034 1547 1081 fuga
1569 1038 1592 1074 8

212 1108 236 1132 v
270 1097 359 1133 Kal.
393 1096 589 1143 Martiass
614 1098 796 1134 ‘Interea
830 1110 910 1134 non
949 1096 1089 1134 dubito
1128 1096 1223 1145 quin
1258 1096 1297 1133 in
1338 1096 1546 1135 Formiano

154 1173 191 1205 15
213 1174 417 1199 mansurus
449 1161 513 1199 sis.
571 1161 905 1200 Commodissime
943 1161 1048 1199 enim
1087 1162 1129 1199 τὸ
1168 1161 1311 1210 μέλλον
1349 1160 1400 1199 ibi
1442 1179 1546 1211 καρα-

210 1226 401 1275 δοκήσω]
458 1228 590 1276 Atque
624 1228 676 1264 K.
712 1228 839 1272 Mart,
874 1239 964 1263 cum
1004 1225 1068 1263 ille
1107 1225 1287 1275 quintum
1324 1225 1399 1263 iam
1441 1226 1545 1264 diem

211 1291 394 1329 Brundisi
433 1299 546 1338 esset,
600 1293 728 1329 ‘Tum
771 1290 986 1341 poterimus
1026 1290 1240 1329 deliberare
1279 1304 1357 1328 non
1399 1291 1546 1329 scilicet

210 1355 358 1406 integra
387 1370 427 1394 re
454 1357 523 1394 sed
548 1364 651 1394 certe
682 1355 810 1393 minus
838 1356 1000 1393 infracta
1027 1369 1145 1405 quam
1173 1355 1204 1393 si
1232 1369 1310 1393 una
1339 1355 1546 1405 proieceris

210 1423 272 1459 te.⁷
331 1420 487 1459 Deinde
518 1433 581 1458 1111
613 1422 720 1458 Non.
744 1419 917 1467 Martias,
939 1421 1010 1458 ὑπὸ
1039 1421 1105 1469 τὴν
1134 1423 1248 1470 λῆψιν
1268 1434 1359 1458 cum
1381 1420 1546 1459 breviter

154 1501 192 1522 20
212 1485 409 1532 scriberes,
451 1493 583 1524 tamen
623 1485 736 1535 ponis
775 1486 862 1533 hoc,
919 1486 1034 1524 ‘Cras
1069 1485 1235 1523 scribam
1275 1487 1385 1535 plura
1419 1493 1456 1523 et
1493 1487 1544 1524 ad

210 1551 369 1598 omnia3
399 1552 475 1588 hoc
500 1558 631 1588 tamen
661 1550 801 1597 dicam,
825 1563 905 1588 non
936 1549 1133 1599 paenitere
1162 1563 1223 1588 me
1250 1549 1387 1588 consili
1409 1551 1458 1588 de
1480 1557 1546 1587 tua

209 1615 426 1663 mansione,
456 1623 494 1654 et
530 1629 770 1665 quamquam
804 1629 944 1665 magna
979 1615 1253 1661 sollicitudine,
1287 1623 1419 1652 tamen
1454 1615 1545 1664 quia

209 1679 337 1717 minus
370 1679 461 1717 mali
497 1688 593 1730 puto
625 1693 710 1718 esse
740 1693 858 1729 quam
890 1679 928 1716 in
959 1678 1023 1716 illa
1052 1679 1305 1728 profectione,
1330 1693 1471 1717 maneo
1505 1679 1543 1716 in

208 1745 401 1783 sententia
431 1753 469 1783 et
497 1746 652 1796 gaudeo
682 1753 719 1783 te
750 1744 962 1782 mansisse.'
1020 1744 1122 1782 Cum
1153 1757 1244 1782 vero
1274 1743 1350 1781 iam
1384 1757 1544 1793 angerer
1564 1752 1591 1788 9

150 1825 187 1857 ²5
209 1818 246 1848 et
278 1809 454 1848 timerem
494 1824 544 1848 ne
578 1811 674 1860 quid
707 1824 730 1848 a
761 1824 824 1848 me
859 1808 1064 1848 dedecoris
1095 1816 1197 1847 esset
1234 1808 1464 1854 admissum,
1498 1821 1542 1845 111

209 1876 345 1913 Nonas
368 1877 496 1922 Mart„
532 1878 706 1914 ‘Tamen
734 1884 771 1914 te
802 1889 881 1913 non
909 1888 993 1913 esse
1021 1887 1099 1911 una
1130 1887 1219 1911 cum
1252 1873 1443 1923 Pompeio
1464 1887 1543 1912 non

207 1941 288 1978 fero
323 1942 499 1979 moleste.
558 1943 713 1988 Postea,
743 1941 773 1979 si
808 1954 907 1990 opus
940 1939 1063 1986 fuerit,
1093 1952 1173 1976 non
1208 1938 1278 1976 erit
1309 1938 1476 1985 difficile,
1506 1947 1543 1976 et

208 2004 272 2051 illi,
296 2019 458 2055 quoquo
490 2013 665 2056 tempore
687 2008 762 2052 fiet,
787 2005 856 2044 erit
886 2007 1134 2055 ἀσμενιστόν;
1171 2005 1240 2041 sed
1270 2005 1346 2041 hoc
1377 2003 1428 2040 ita
1452 2003 1543 2041 dico

209 2069 239 2106 si
266 2069 330 2107 hic
355 2084 431 2119 qua
462 2071 611 2109 ratione
636 2071 789 2108 initium
818 2070 908 2108 fecit
939 2072 1077 2108 eadem
1106 2077 1233 2107 cetera
1260 2076 1356 2117 aget,
1381 2067 1540 2114 sincere,

149 2147 189 2177 30
209 2142 433 2184 temperate,
457 2137 680 2185 prudenter.
737 2137 864 2173 Valde
894 2135 1029 2172 videro
1062 2142 1099 2172 et
1130 2132 1413 2171 consideratius
1446 2132 1543 2170 utili-

256 2249 294 2269 12
319 2239 488 2269 dubitaras
505 2239 647 2269 Rosius:
672 2248 762 2268 -ares
779 2238 839 2268 M:
863 2238 956 2268 -abas
967 2237 1095 2267 Ernessz
1221 2238 1260 2266 16
1285 2235 1398 2275 Atque
1418 2234 1541 2265 lVesen-

209 2282 300 2319 brrg:
334 2283 373 2312 ad
400 2282 457 2311 M:
481 2282 563 2320 sort.
589 2293 616 2312 a.
645 2283 676 2312 d.
700 2292 724 2311 11
862 2292 901 2320 19
926 2291 980 2311 1111
1006 2282 1082 2311 M²z
1116 2281 1162 2310 illi
1182 2279 1234 2309 Ml
1294 2278 1351 2309 ὑπὸ
1369 2279 1428 2317 τὴν
1444 2279 1542 2319 λῆψιν

213 2325 312 2356 Victa:
352 2328 629 2355 ’ΥΠΟΤΠΑΠΨῙΝ
652 2323 712 2355 M:
745 2324 933 2365 ὑπογραφὴν
952 2324 1001 2355 C:
1033 2323 1189 2365 διάλειψιν
1217 2322 1338 2354 Gur-litt
1363 2323 1430 2354 coll.
1462 2333 1493 2353 2.
1526 2332 1539 2352 1

210 2370 252 2401 28
275 2368 470 2407 ἀσμενιστόν
493 2368 615 2409 Tyrrell
628 2367 673 2399 ad
687 2379 706 2399 2
717 2378 740 2398 A
752 2378 771 2407 3
788 2380 794 2399 :
818 2367 1013 2407 ἀσμένιστον
1030 2368 1119 2409 vulg.
