1827 2798
204 139 274 177 XI.
296 138 326 177 ii
667 137 723 174 M.
755 134 923 173 TVLLI
955 132 1262 172 CICERONIS

316 250 433 290 etiam
461 261 567 287 nunc
587 245 686 286 effici
708 251 836 296 potest
857 251 899 282 ut
920 257 970 282 ne
997 257 1075 294 qua
1095 243 1278 294 singulari
1307 243 1467 283 adficiar
1487 243 1642 283 calami-

316 323 393 353 tate
414 322 451 352 et
473 311 622 350 iniuria.

269 391 296 428 4
368 377 536 416 Tardius
566 377 617 414 ad
638 383 675 413 te
699 373 829 413 remisi
854 372 1099 412 tabellarium
1124 375 1231 424 quod
1262 381 1434 424 potestas
1467 372 1647 412 mittendi

317 456 396 480 non
418 441 499 479 fuit.
559 442 596 478 A
616 439 691 478 tuis
705 446 743 477 et
765 452 1017 477 nummorum
1030 438 1165 489 accepi
1181 440 1252 477 HS
1268 437 1353 476 ff}
1370 446 1408 477 et
1424 438 1648 477 vestiment-

315 520 428 546 orum
468 506 577 555 quod
611 518 710 554 opus
750 503 830 542 fuit.
902 503 1058 552 Quibus
1097 503 1167 541 tibi
1198 503 1395 542 videbitur
1428 503 1545 541 velim
1577 503 1647 541 des
1668 515 1685 546 5

316 570 461 608 litteras
496 582 586 608 meo
620 568 791 606 nomine.
852 567 968 606 Nosti
1000 580 1110 605 meos
1148 566 1356 604 familiaris.
1419 567 1466 605 Si
1492 565 1648 615 signum

316 635 513 685 requirent
563 640 630 671 aut
676 646 849 679 manum,
890 631 998 671 dices
1048 645 1111 670 me
1156 638 1315 682 propter
1364 629 1564 669 custodias
1603 642 1650 668 ea

316 699 469 738 vitasse.

359 836 434 871 ῙῙῙ
577 837 646 870 Scr.
667 838 700 869 1'11
717 838 830 869 castris
846 837 987 878 Pompei
999 836 1047 868 Id.
1068 836 1143 868 Iun.
1164 847 1194 868 a.
1216 836 1275 876 706
1293 835 1379 877 (48).

732 926 907 958 CICERO
932 926 1103 956 ATT1co
1130 917 1230 957 SAL.
1675 930 1712 953 ιο

282 1017 298 1044 Ι
375 1004 483 1054 Quid
513 1004 576 1042 hic
606 1011 741 1054 agatur
771 1003 868 1041 scire
902 1002 1047 1052 poteris
1079 1016 1125 1040 ex
1156 1016 1204 1041 eo
1235 1001 1302 1052 qui
1334 1001 1478 1040 litteras
1508 1001 1648 1040 attulit.

320 1071 451 1118 Quem
469 1069 616 1108 diutius
632 1068 739 1106 tenui
756 1068 847 1118 quia
868 1067 1013 1106 cotidie
1033 1067 1182 1117 aliquid
1199 1067 1289 1105 novi
1307 1067 1650 1117 exspectabamus;

318 1148 447 1184 neque
475 1147 580 1172 nunc
602 1133 782 1171 mittendi
805 1141 936 1171 tamen
957 1134 1036 1170 ulla
1056 1145 1173 1170 causa
1202 1132 1272 1170 fuit
1302 1141 1453 1182 praeter
1483 1145 1570 1170 eam
1600 1133 1650 1170 de

317 1212 394 1249 qua
419 1199 488 1237 tibi
516 1198 674 1237 rescribi
691 1197 857 1244 voluisti,
881 1198 989 1247 quod
1018 1198 1070 1235 ad
1103 1199 1189 1234 Kal.
1210 1196 1345 1245 Quint.
1370 1196 1537 1246 pertinet
1553 1196 1649 1245 quid

317 1265 469 1302 vellem.
529 1265 751 1312 Vtrumque
777 1276 892 1312 grave
924 1269 981 1300 est
1020 1270 1058 1300 et
1094 1269 1173 1299 tam
1208 1261 1312 1311 gravi
1346 1269 1523 1310 tempore
1555 1260 1650 1310 peri·
1674 1272 1709 1302 15

317 1329 450 1366 culum
491 1334 621 1365 tantae
660 1326 852 1376 pecuniae
891 1334 929 1364 et
963 1326 1087 1364 dubio
1122 1339 1250 1364 rerum
1286 1325 1391 1363 exitu
1423 1325 1496 1363 ista
1530 1338 1650 1374 quam

317 1392 453 1431 scribis
473 1391 667 1441 abruptio.
728 1392 818 1439 Qua
848 1405 887 1429 re
917 1398 958 1428 ut
987 1391 1062 1428 alia
1091 1390 1146 1428 sic
1177 1392 1252 1428 hoc
1280 1392 1339 1428 vel
1362 1390 1530 1427 maxime
1561 1397 1651 1427 tuae

316 1471 430 1495 curae
451 1455 829 1505 benevolentiaeque
856 1455 1039 1505 permitto
1067 1463 1104 1493 et
1130 1455 1231 1493 illius
1260 1454 1425 1493 consilio
1452 1462 1490 1492 et
1517 1456 1652 1492 volun-

317 1521 411 1569 tati;
440 1520 503 1559 cui
525 1520 688 1558 miserae
709 1520 995 1558 consuluissem
1017 1520 1167 1566 melius,
1191 1520 1222 1558 si
1244 1528 1373 1558 tecum
1395 1519 1489 1557 olim
1517 1532 1649 1556 coram

318 1586 447 1636 potius
465 1599 582 1636 quam
597 1599 664 1635 per
680 1585 825 1623 litteras
843 1586 892 1623 de
914 1586 1038 1623 salute
1053 1592 1185 1623 nostra
1201 1583 1446 1633 fortunisque
1463 1583 1650 1621 delibera·
1672 1597 1711 1618 κο

317 1651 471 1689 vissem.
998 1645 1001 1647 ⁵

275 1733 299 1760 2
373 1717 494 1765 Quod
525 1728 643 1764 negas
673 1714 927 1765 praecipuum
959 1715 1054 1752 mihi
1085 1716 1208 1753 ullum
1240 1716 1280 1752 in
1312 1715 1568 1751 communibus
1598 1713 1652 1750 in-

319 1780 541 1819 commodis
575 1780 816 1829 impendere,
850 1780 922 1818 etsi
960 1779 1033 1817 ista
1072 1793 1131 1818 res
1171 1793 1245 1817 ason
1280 1779 1375 1816 nihil
1411 1779 1529 1816 habet
1561 1792 1652 1816 con-

318 1845 533 1893 solationis,
580 1852 712 1882 tamen
762 1844 880 1883 etiam
926 1844 1136 1895 praecipua
1175 1846 1298 1881 multa
1339 1851 1429 1881 sunt
1469 1857 1570 1892 quae
1609 1851 1651 1881 tu

318 1912 493 1960 profecto
527 1909 636 1948 vides
676 1917 713 1947 et
742 1909 968 1959 gravissima
1006 1922 1091 1947 esse
1130 1916 1168 1946 et
1207 1922 1270 1946 me
1310 1908 1492 1945 facillime
1531 1907 1651 1945 vitare
1675 1919 1710 1950 25

316 1974 500 2026 potuisse.
572 1976 629 2012 Ea
650 1981 782 2012 tamen
814 1981 926 2012 erunt
948 1973 1099 2011 minora
1129 1973 1170 2019 si,
1190 1979 1235 2010 ut
1251 1974 1382 2010 adhuc
1408 1973 1553 2010 factum
1579 1980 1648 2019 est,

315 2038 655 2079 administratione
678 2038 959 2088 diligentiaque
981 2045 1047 2075 tua
1068 2038 1311 2076 levabuntur.

274 2114 298 2152 3
373 2103 546 2143 Pecunia
572 2104 680 2154 apud
704 2102 915 2153 Egnatium
946 2109 1015 2141 est.
1075 2102 1132 2141 Sit
1158 2116 1181 2140 a
1211 2116 1274 2140 me
1304 2109 1345 2140 ut
1377 2109 1446 2140 est.
1507 2103 1650 2151 Neque

360 2209 382 2238 6
406 2208 442 2239 Si
460 2207 533 2239 add.
555 2207 640 2238 Crat.
799 2217 816 2246 7
841 2207 931 2237 dices
952 2206 1133 2237 Graevius:
1158 2206 1251 2237 dices
1268 2206 1300 2236 ul
1320 2205 1365 2245 (de
1389 2205 1398 2236 l
1416 2206 1574 2236 incertum
1591 2206 1650 2245 est)

319 2251 375 2282 M:
402 2251 493 2282 dicas
511 2252 587 2281 volo
605 2250 692 2280 Reid
705 2262 711 2281 2
726 2250 805 2289 sort.
827 2251 919 2281 dices
938 2250 1024 2280 ultro
1198 2251 1238 2281 18
1262 2260 1361 2280 curae
1379 2250 1454 2281 add.
1471 2250 1649 2280 Lehmann

317 2305 358 2325 22
383 2295 417 2325 in
435 2295 666 2325 communibus
683 2294 759 2324 add.
779 2293 954 2323 Lehmann
1054 2294 1300 2324 incommodum
1318 2293 1404 2332 vulg.
1516 2304 1557 2331 23
1583 2303 1648 2323 non

317 2338 391 2369 add.
409 2338 574 2368 Cot-mulus
707 2348 747 2375 24
773 2337 888 2375 etiam]
910 2338 973 2367 iam
997 2336 1184 2377 [Vesenbctg
1307 2346 1348 2374 25
1372 2337 1466 2367 vides
1483 2341 1517 2366 et
1533 2337 1621 2377 vulg.
1641 2347 1647 2366 ε

318 2386 352 2412 ut
370 2383 482 2411 desset
500 2380 559 2411 M:
584 2380 679 2411 vides
697 2385 730 2410 ut
748 2387 826 2411 sunt
845 2375 939 2410 ZbF:
965 2382 1060 2411 vides
1083 2385 1129 2417 et,
1151 2385 1186 2410 ut
1208 2384 1288 2410 sunt
1310 2378 1497 2419 Wesenbqu
1607 2381 1649 2409 26

318 2430 352 2455 ut
370 2424 445 2456 add.
462 2428 531 2456 vett.
706 2434 746 2462 27
772 2424 1017 2463 diligentiaque
1034 2423 1070 2462 [ς
1094 2424 1269 2463 diligentia
1284 2422 1370 2454 codd.
1389 2434 1395 2454 ι
1419 2428 1453 2453 et
1470 2423 1648 2462 diligentia

317 2468 431 2499 Baiter
559 2468 601 2498 28
625 2477 643 2497 a
661 2467 728 2508 me]
747 2472 858 2497 tamen
877 2466 962 2497 Reid
