1827 2798
160 141 270 179 XIV.
291 141 338 178 vi
656 141 712 178 M.
745 139 914 177 TVLLI
945 138 1253 178 CICERONIS

345 254 458 290 Haec
479 253 529 290 ad
547 259 583 290 te
604 250 738 300 scripsi
756 248 937 299 apposita
953 250 1128 288 secunda
1144 263 1281 288 mensa
1299 264 1309 298 ;
1337 251 1448 301 plura
1463 257 1501 291 et
1516 254 1622 291 πολι-

288 318 463 367 τικώτερα
483 323 630 366 postea,
653 323 691 353 et
712 322 753 352 tu
775 314 871 364 quid
891 327 982 364 agas
1003 313 1179 364 quidque
1198 322 1345 365 agatur.

334 461 427 496 VII
559 463 629 494 Ser.
651 463 685 494 in
702 463 882 493 Formiano
898 463 1025 494 xviiK-
1045 463 1125 494 Mai.
1146 474 1177 495 a.
1199 473 1256 503 710
1279 463 1366 505 (44).

696 551 868 582 CICERO
899 551 1081 582 AYTICO
1111 551 1218 584 SAL.

253 656 270 683 1
346 641 539 681 Postridie
562 642 658 680 Idus
690 642 855 679 Paulum
888 640 1049 680 Caietae
1072 641 1162 679 vidi.
1224 643 1263 680 Is
1287 642 1383 679 mihi
1413 643 1464 680 de
1495 643 1623 681 Mario
1644 654 1661 686 5

291 714 329 745 et
349 708 399 745 de
420 721 459 745 re
480 706 639 757 publica
659 707 854 756 quaedam
876 719 969 744 sane
990 707 1170 755 pessima.
1220 708 1257 744 A
1277 714 1314 745 te
1335 706 1482 745 scilicet
1502 707 1624 755 nihil,-

291 785 409 811 nemo
442 772 548 811 enirn
583 785 774 810 meorum.
835 772 913 809 Sed
945 773 1110 808 Brutum
1140 779 1317 810 nostrum
1347 773 1467 810 audio
1496 772 1623 810 visum

291 838 365 876 sub
388 837 577 876 Lanuvio.
636 836 715 874 Vbi
737 837 897 874 tandem
919 843 977 875 est
998 837 1182 874 futurus?
1234 837 1339 874 Nam
1364 850 1454 874 cum
1475 837 1623 887 reliqua

293 910 377 941 tum
396 904 447 941 de
468 904 545 941 hoc
566 904 664 941 scire
684 915 781 940 aveo
803 901 946 940 omnia.
998 903 1084 951 Ego
1105 914 1126 939 e
1148 900 1360 939 Formiano
1380 901 1513 940 exiens
1533 913 1621 940 xvn

296 969 383 1006 Kal.
407 976 449 1006 ut
470 968 563 1007 inde
583 970 706 1006 altero
726 967 791 1005 die
812 966 851 1004 in
873 968 1136 1005 Puteolanum
1158 966 1293 1016 scripsi
1314 967 1422 1004 haec.
1646 981 1684 1002 10

249 1044 272 1069 2
348 1036 384 1071 A
405 1033 599 1073 Cicerone
621 1032 716 1070 mihi
738 1033 888 1070 litterae
909 1045 1003 1070 sane
1023 1033 1269 1081 πεπινωμέναι
1289 1039 1328 1069 et
1349 1031 1449 1070 bene
1470 1033 1621 1081 longae.

294 1099 435 1137 Cetera
465 1106 598 1136 autem
630 1099 690 1135 vel
722 1096 816 1146 fingi
848 1104 1026 1146 possunt,
1052 1097 1156 1137 πίνος
1184 1096 1398 1134 litterarum
1432 1096 1624 1146 significat

291 1163 522 1202 doctiorem.
594 1164 712 1200 Nunc
745 1175 888 1211 magno
923 1174 1041 1210 opere
1072 1175 1095 1199 a
1126 1169 1164 1200 te
1197 1169 1303 1210 peto,
1337 1162 1388 1199 de
1421 1174 1502 1211 quo
1536 1175 1622 1200 sum

292 1241 416 1279 nuper
437 1236 568 1266 tecum
598 1229 764 1273 locutus,
788 1233 830 1264 ut
851 1226 985 1264 videas
1015 1240 1064 1265 ne
1089 1226 1185 1276 quid
1215 1226 1250 1264 ei
1281 1227 1392 1265 desit.
1454 1228 1502 1265 Id
1533 1240 1623 1265 cum

291 1295 342 1332 ad
372 1294 545 1331 officium
577 1300 753 1330 nostrum
783 1291 949 1341 pertinet
971 1299 1054 1329 tum
1075 1293 1125 1330 ad
1147 1291 1476 1330 existimationem
1504 1300 1542 1330 et
1569 1292 1624 1330 di-
1647 1307 1683 1339 15

290 1358 505 1408 gnitatem3
535 1358 642 1406 quod
674 1358 779 1395 idem
801 1356 971 1394 intellexi
1002 1356 1073 1394 tibi
1093 1356 1227 1394 videri.
1287 1357 1464 1396 Omnino
1486 1358 1515 1395 si
1537 1371 1621 1407 ego,

291 1431 334 1462 ut
361 1425 462 1470 volo,
486 1436 622 1461 mense
644 1421 811 1471 Quintili
839 1421 878 1459 in
911 1421 1128 1469 Graeciam,
1152 1429 1243 1460 sunt
1273 1422 1407 1460 omnia
1427 1424 1624 1470 faciliora,

292 1490 361 1527 sed
393 1502 484 1526 cum
520 1489 596 1526 sint
629 1501 673 1526 ea
708 1495 886 1537 tempora
920 1495 962 1525 ut
997 1489 1089 1526 certi
1125 1488 1222 1525 nihil
1256 1501 1342 1526 esse
1372 1488 1494 1538 possit
1526 1490 1622 1538 quid

290 1555 502 1592 honestum
549 1553 644 1591 mihi
689 1554 746 1599 sit,
788 1553 884 1603 quid
928 1553 1052 1599 liceat,
1094 1553 1191 1603 quid
1232 1554 1424 1604 expediat,
1462 1567 1620 1604 quaeso,

290 1619 341 1657 da
375 1632 536 1668 operam
575 1625 617 1656 ut
652 1619 761 1655 illum
800 1631 919 1667 quam
958 1618 1235 1657 honestissime
1273 1618 1622 1669 copiosissimeque
1644 1636 1684 1657 20

290 1691 479 1722 tueamur.

346 1751 459 1787 Haec
484 1757 522 1787 et
548 1757 677 1787 cetera
697 1762 798 1798 quae
818 1749 868 1786 ad
891 1762 962 1787 nos
989 1750 1253 1798 pertinebunt,
1277 1756 1318 1787 ut
1345 1751 1458 1795 soles,
1481 1749 1624 1799 cogita-

290 1814 350 1853 bis
379 1816 429 1852 ad
458 1828 600 1864 meque
620 1822 687 1851 aut
708 1815 816 1863 quod
840 1815 890 1852 ad
919 1828 999 1852 rem
1028 1815 1220 1864 pertineat
1248 1822 1325 1861 aut,
1357 1814 1388 1852 si
1412 1814 1509 1852 nihil
1539 1814 1621 1861 erit,

291 1881 400 1930 quod
422 1879 461 1917 in
483 1880 649 1918 buccam
670 1878 818 1917 venerit
839 1879 996 1918 scribes.

333 1988 450 2022 VIII
539 1991 603 2022 Scr
628 1991 658 2020 iu
676 1990 881 2021 Sinuessano
896 1992 967 2021 xvii
978 1990 1021 2022 K.
1043 1991 1124 2022 Mai.
1144 2001 1173 2021 a.
1196 2000 1252 2030 710
1272 1990 1361 2032 (44‘w

698 2069 871 2100 CICERO
900 2068 1081 2099 ATTICO
1111 2068 1216 2099 SAL.

257 2154 274 2181 1
347 2143 409 2179 Tu
431 2155 494 2180 me
515 2141 591 2180 iam
613 2142 758 2188 rebare,
782 2155 872 2180 cum
894 2141 1103 2187 scribebas,
1127 2140 1166 2178 in
1186 2140 1283 2178 actis
1304 2153 1389 2178 esse
1410 2139 1562 2187 nostris,
1585 2147 1622 2178 et

293 2220 365 2255 ego
396 2207 531 2256 accepi
564 2220 651 2245 xvn
687 2208 775 2245 Kal.
810 2206 849 2244 in
881 2205 1146 2245 deversoriolo
1181 2205 1420 2243 Sinuessano
1452 2213 1537 2243 tuas
1567 2206 1623 2242 lit-

335 2320 354 2349 5
380 2311 411 2340 in
427 2311 565 2341 Caietae
588 2311 628 2341 M
648 2310 705 2340 sed
727 2311 757 2340 in
786 2310 924 2340 dcletmn
944 2314 1012 2340 est:
1038 2310 1070 2339 in
1089 2309 1207 2339 Caieta
1225 2303 1370 2347 Zb‚sort.
1393 2312 1465 2339 recte
1481 2309 1517 2346 cf
1541 2307 1573 2338 C.
1593 2307 1618 2338 I.

292 2354 330 2386 L.
359 2365 389 2384 x.
412 2360 444 2394 j).
465 2356 529 2392 603
619 2356 639 2383 6
664 2355 795 2392 publica
824 2354 945 2384 Orelli:
981 2364 1025 2393 p.,
1051 2353 1162 2391 aliqua
1186 2349 1265 2382 MZt
1284 2351 1458 2384 Schmidt:
1489 2352 1622 2392 publica

290 2398 353 2428 alia
375 2401 445 2428 vett.
539 2407 579 2426 22
605 2397 680 2427 Hoc
702 2396 891 2437 chscnbmg
1020 2406 1059 2435 27
1085 2396 1135 2437 et]
1153 2400 1187 2426 at
1206 2395 1293 2427 Crat.
