1827 2798
693 152 805 189 EPP.
838 152 916 189 AD
946 150 1206 189 ATTICVM
1265 143 1275 150 ’
1574 149 1642 185 IX.
1667 146 1696 183 ii

273 275 320 301 ex
340 261 505 313 epistula
532 275 649 312 quam
671 270 855 312 exspecto
879 261 1110 312 perspiciam
1132 260 1228 311 quid
1249 259 1393 299 sentias
1419 267 1486 297 aut
1505 258 1598 297 alias

272 327 342 366 abs
363 335 400 366 te
420 327 565 366 litteras
586 326 749 366 eliciam.
810 326 1020 366 Brundisio
1040 325 1235 365 nihildum
1257 332 1337 364 erat
1356 325 1543 364 adlatum.

316 447 397 483 Ha
538 450 609 482 δον.
628 450 662 481 in
679 451 859 481 Formiano
873 451 932 482 viii
946 450 995 481 Id.
1015 450 1116 482 Illarl.
1134 461 1163 481 α.
1184 460 1238 490 705
1255 450 1343 492 (49).

680 545 853 576 CICERO
876 545 908 574 A
920 545 1056 576 TTJCO
1079 544 1187 576 SAL.

235 631 251 663 5
327 617 363 656 O
385 631 465 656 rem
488 616 686 656 difficilem
713 619 909 666 planeque
929 617 1122 667 perditam
1142 619 1148 654 !
1179 629 1298 666 quam
1319 615 1416 654 nihil
1436 623 1599 666 praeter·
1620 628 1637 654 1

273 682 394 721 mittis
415 682 454 720 in
476 682 641 721 consilio
662 683 820 730 dand03
850 696 968 732 quam
999 682 1095 719 nihil
1125 689 1257 720 tamen
1287 683 1396 731 quod
1427 681 1497 720 tibi
1527 681 1598 731 ipsi

272 748 426 798 placeat
446 747 639 797 explicas!
696 749 789 785 Non
819 761 903 785 esse
934 760 996 785 me
1023 761 1101 784 una
1130 761 1219 785 cum
1243 747 1433 796 Pompeio
1453 748 1600 796 gaudes

273 825 319 850 ac
348 812 536 863 proponis
570 825 689 863 quam
724 812 772 850 sit
803 820 915 862 turpe
946 826 1008 850 me
1039 813 1177 850 adesse
1208 825 1297 850 cum
1328 811 1424 861 quid
1453 813 1503 850 de
1533 811 1600 849 illo

274 878 523 925 detrahatur;
557 879 665 916 nefas
699 891 784 916 esse
817 878 1044 927 approbare.
1105 878 1245 924 Certe3
1286 884 1421 915 contra
1455 876 1600 927 igitur?

217 942 374 979 10‘Di'
405 942 534 992 inquis
572 943 898 980 ‘averruncentl'
956 941 1064 990 Quid
1098 955 1189 991 ergo
1228 943 1294 979 fiet
1332 941 1363 979 si
1401 941 1440 979 in
1478 943 1599 979 altero

274 1009 401 1045 scelus
439 1015 508 1053 est,
549 1007 588 1044 in
633 1008 755 1045 altero
800 1005 1066 1056 supplicium?
1142 1009 1150 1025 ‘
1168 1006 1425 1055 Impetrabis'
1470 1005 1599 1055 inquis

276 1075 285 1091 ‘
297 1085 320 1109 a
333 1073 500 1111 Caesare
518 1079 559 1109 ut
575 1070 645 1109 tibi
658 1071 796 1109 abesse
813 1070 927 1109 liceat
941 1079 977 1108 et
992 1084 1076 1108 esse
1093 1069 1244 1108 otioso.’
1288 1070 1598 1120 Supplicandum

274 1135 416 1186 igitur?
475 1136 676 1174 Miserum.
736 1135 844 1185 Quid
879 1135 910 1173 si
940 1149 1020 1173 non
1050 1134 1291 1184 impetraro?
1349 1136 1423 1172 ‘Et
1456 1136 1506 1173 de
1540 1135 1600 1172 tri-

274 1202 424 1250 umpho
447 1200 538 1239 erit⁷
559 1200 689 1250 inquis
713 1200 950 1250 ‘integrum'
1009 1199 1119 1249 Quid
1146 1199 1177 1237 si
1206 1200 1282 1238 hoc
1311 1199 1397 1249 ipso
1418 1202 1601 1249 premar?

217 1279 253 1310 15
273 1265 510 1316 Accipiam?
562 1265 670 1314 Quid
691 1265 873 1303 foedius?
924 1266 1106 1314 Negem?
1158 1264 1373 1314 Repudiari
1400 1278 1440 1303 se
1461 1272 1601 1311 totum,

275 1331 397 1380 magis
427 1330 545 1369 etiam
580 1344 698 1380 quam
732 1330 826 1369 olim
862 1329 901 1367 in
934 1329 1129 1376 xxviratu‚
1163 1329 1326 1379 putabit.
1400 1331 1459 1368 Ac
1489 1331 1598 1376 solet,

274 1410 364 1434 cum
395 1409 436 1434 se
465 1403 615 1445 purgat,
636 1395 675 1433 in
705 1408 769 1433 me
798 1396 974 1433 conferre
1004 1408 1164 1432 omnem
1194 1393 1348 1432 illorum
1378 1401 1600 1444 temporum

274 1463 441 1511 culpam.
502 1463 564 1499 Ita
584 1474 646 1499 me
668 1460 741 1498 sibi
756 1460 874 1498 fuisse
887 1459 1089 1498 inimicum
1108 1468 1149 1497 ut
1166 1473 1215 1498 ne
1231 1461 1422 1498 honorem
1439 1459 1600 1509 quidem

273 1539 296 1564 a
316 1539 357 1564 56
377 1526 554 1576 accipere
574 1527 725 1564 vellem.
778 1527 939 1574 Quanto
960 1538 1065 1563 nunc
1087 1526 1162 1563 hoc
1183 1524 1288 1563 idem
1309 1524 1474 1575 accipiet
1494 1539 1599 1575 aspe—

217 1607 256 1630 20
275 1591 376 1629 rius!
433 1593 563 1629 Tanto
585 1591 733 1630 scilicet
761 1599 909 1641 quanto
940 1598 978 1629 et
1007 1591 1134 1628 honos
1165 1590 1228 1628 hic
1257 1589 1322 1628 illo
1350 1598 1407 1628 est
1436 1591 1602 1640 amplior

274 1664 312 1695 et
333 1656 415 1707 ipse
436 1656 640 1695 robustior.
700 1658 804 1694 Nam
826 1657 933 1706 quod
954 1669 1072 1705 negas
1093 1663 1131 1693 te
1151 1655 1330 1694 dubitare
1352 1655 1445 1704 quin
1460 1669 1601 1706 magna
1619 1668 1643 1694 2

274 1721 314 1760 in
348 1723 497 1761 offensa
530 1722 602 1760 sim
636 1723 743 1772 apud
778 1721 1011 1772 Pompeium
1046 1723 1123 1759 hoc
1156 1728 1343 1769 tempore,
1370 1735 1451 1759 non
1485 1721 1600 1760 video

274 1801 432 1826 causam
454 1801 522 1825 cur
542 1787 595 1825 ita
615 1787 662 1825 sit
683 1789 759 1826 hoc
780 1787 940 1837 quidem
969 1795 1155 1837 tempore.
1216 1786 1295 1834 Qui
1325 1786 1430 1824 enim
1456 1787 1601 1826 amisso

275 1852 452 1891 Corfinio
472 1851 644 1902 denique
665 1852 869 1890 certiorem
897 1866 960 1890 me
987 1852 1046 1890 sui
1074 1851 1211 1890 consili
1240 1851 1341 1898 fecit,
1364 1851 1394 1889 is
1419 1860 1602 1901 queretur

217 1930 256 1962 25
277 1916 530 1955 Brundisium
560 1930 623 1954 me
652 1930 733 1954 non
760 1916 913 1955 venisse
940 1930 1030 1954 cum
1056 1916 1156 1955 inter
1186 1929 1249 1954 me
1279 1923 1317 1954 et
1347 1916 1599 1954 Brundisium

275 1982 420 2020 Caesar
443 1983 577 2019 esset?
635 1981 791 2019 Deinde
815 1981 932 2019 etiam
958 1981 1030 2019 scit
1051 1982 1358 2031 ἀπαρρησίαστον
1378 1994 1462 2019 6556
1489 1980 1528 2018 in
1556 1994 1601 2019 ea

273 2059 391 2084 causa
420 2047 618 2096 querelam
649 2059 771 2084 suam.
832 2048 900 2084 Me
932 2054 1042 2096 putat
1069 2048 1119 2086 de
1150 2046 1453 2096 municipiorum
1480 2046 1600 2085 imbe-

273 2110 443 2157 cillitate,
477 2112 527 2149 de
560 2111 779 2157 dilectibus,
814 2113 864 2150 de
898 2125 1004 2160 pace,
1039 2113 1089 2150 de
1120 2112 1226 2157 urbe,
1262 2113 1312 2150 de
1339 2111 1516 2162 pecunia,
1550 2112 1600 2150 de

274 2176 422 2215 Piceno
443 2178 677 2225 occupando
703 2178 789 2225 plus
810 2176 953 2214 vidisse
975 2190 1092 2225 quam
1114 2189 1164 2214 se.
1225 2176 1293 2215 Sin
1320 2190 1410 2215 cum
1435 2184 1600 2226 potuero

214 2253 255 2284 30
274 2254 355 2279 non
375 2255 529 2288 venero,
562 2249 645 2279 tum
672 2241 742 2279 erit
766 2241 958 2288 inimicus,
982 2242 1090 2291 quod
1118 2254 1191 2290 ego
1220 2254 1300 2280 non
1328 2255 1375 2280 eo
1396 2254 1531 2280 vereor
1551 2255 1600 2279 ne

273 2305 369 2343 mihi
390 2313 530 2344 noceat
553 2305 664 2355 (quid
684 2305 789 2343 enim
810 2305 957 2344 faciet?

316 2392 358 2412 20
382 2383 492 2412 honos
522 2381 714 2421 Wesenberg,
743 2382 780 2421 cf.
807 2382 898 2412 Neue
924 2381 1188 2412 ‘Formenleln'e'
1213 2383 1232 2414 i.
1259 2383 1340 2422 169:
1377 2382 1487 2413 honor
1510 2382 1599 2413 codd.

271 2435 315 2464 30
339 2430 409 2456 tum
426 2426 483 2456 M:
511 2426 582 2457 iure
599 2426 676 2456 coni.
693 2425 778 2457 Boot
794 2437 801 2456 :
825 2430 894 2456 tum
913 2427 1033 2456 merito
1050 2426 1140 2456 Koch

1455 2470 1515 2501 19*
