1827 2798
467 488 639 526 LIBER
673 488 934 537 QVARTVS
975 488 1228 528 DECIMVS

609 607 711 654 AD
761 608 1098 657 ATTICVM

230 736 255 772 I
398 737 468 771 Scr.
488 738 522 769 in
539 739 727 770 suburbano
744 739 833 771 Mati
846 740 890 771 vii
903 740 953 771 Id.
972 740 1058 781 Apr.
1080 751 1110 772 a.
1131 751 1188 780 710
1208 740 1294 783 (44).

599 828 772 859 CICERO
804 827 975 859 ATTICO
1009 828 1106 860 SAL.

246 921 436 956 DEVERTI
458 919 508 956 ad
530 917 638 955 illum
660 919 709 956 de
731 931 810 967 quo
832 925 962 956 tecum
984 930 1110 956 mane.
1170 917 1280 956 Nihil
1301 918 1489 969 perditius
1505 934 1514 966 ;
1534 930 1550 958 1

190 982 371 1032 explicari
392 996 473 1020 rem
501 995 581 1020 non
610 995 734 1032 posse.
798 982 981 1020 ‘Etenim
1011 983 1042 1020 si
1066 983 1130 1021 ille
1157 983 1223 1020 tali
1254 983 1412 1033 ingenio
1441 982 1515 1021 exi-

153 1064 168 1093 5
191 1055 274 1084 tum
304 1060 384 1084 non
414 1046 640 1096 reperiebat,
671 1047 757 1096 quis
788 1060 893 1084 nunc
923 1047 1137 1097 reperiet?’
1195 1048 1303 1096 Quid
1334 1047 1516 1097 quaeris?

191 1112 335 1161 perisse
356 1111 488 1149 omnia
507 1111 636 1150 aiebat
657 1112 782 1161 (quod
804 1113 910 1149 haud
938 1112 1019 1150 scio
1044 1125 1095 1149 an
1120 1112 1172 1149 ita
1192 1112 1240 1150 sit
1258 1127 1267 1159 3
1296 1126 1430 1150 verum
1451 1113 1515 1151 ille

189 1176 381 1227 gaudens)
402 1177 661 1226 adfirmatque
683 1176 811 1214 minus
828 1176 968 1215 diebus
989 1188 1048 1214 xx
1069 1178 1281 1215 tumultum
1305 1177 1511 1216 Gallicum.

192 1243 238 1279 In
278 1254 498 1279 sermonem
533 1254 574 1279 se
605 1249 692 1291 post
726 1243 821 1281 Idus
858 1242 1019 1281 Martias
1052 1251 1325 1293 praeterquam
1360 1243 1514 1293 Lepido

189 1306 341 1345 venisse
371 1305 530 1344 nemini.
590 1308 654 1344 Ad
682 1321 877 1345 summam
903 1321 983 1345 non
1014 1321 1130 1358 posse
1160 1307 1279 1347 istaec
1310 1308 1364 1346 sic
1393 1308 1512 1347 abire.

132 1389 170 1410 10
191 1372 227 1410 O
258 1372 493 1421 prudentem
517 1370 716 1421 Oppium!
756 1372 823 1422 qui
854 1372 977 1410 nihilo
1008 1372 1136 1410 minus
1166 1372 1276 1410 illum
1307 1372 1516 1420 desiderat,

191 1437 260 1475 sed
290 1437 460 1487 loquitur
490 1436 587 1474 nihil
609 1437 716 1486 quod
745 1450 987 1488 quemquam
1017 1438 1167 1476 bonum
1195 1439 1379 1477 offendat.
1438 1439 1517 1477 Sed

190 1502 287 1540 haec
307 1503 507 1540 hactenus.

243 1568 316 1613 Tu,
349 1579 506 1616 quaeso,
537 1565 726 1616 quicquid
757 1566 847 1605 novi
871 1566 1012 1617 (multa
1040 1575 1172 1606 autem
1203 1567 1404 1618 exspecto)
1427 1567 1514 1606 scri·
1533 1577 1557 1604 2

190 1633 281 1671 bere
312 1646 362 1671 ne
390 1632 550 1682 pigrere,
585 1632 625 1670 in
655 1632 714 1671 his
749 1633 798 1672 de
834 1634 952 1671 Sexto
981 1633 1125 1671 satisne
1155 1641 1320 1681 certum,
1346 1633 1514 1672 maxime

135 1713 169 1744 15
189 1705 321 1736 autem
356 1699 406 1736 de
440 1700 563 1736 Bruto
601 1706 746 1737 nostro.
808 1700 870 1737 De
903 1712 983 1751 quo
1013 1698 1174 1748 quidem
1214 1699 1278 1737 ille
1311 1700 1361 1737 ad
1396 1712 1513 1749 quem

191 1762 351 1810 deverti,
381 1764 590 1802 Caesarem
621 1762 778 1801 solitum
808 1762 950 1811 dicere,
983 1768 991 1783 ‘
1012 1763 1148 1813 Magni
1178 1765 1291 1802 refert
1326 1763 1390 1801 hic
1419 1763 1515 1813 quid

191 1828 292 1875 velit,
316 1829 385 1866 sed
405 1827 594 1878 quicquid
613 1829 694 1866 vult
715 1829 828 1867 valde
849 1829 931 1866 vult
947 1830 980 1876 ’3
1010 1828 1130 1878 idque
1157 1842 1248 1867 eum
1275 1829 1516 1867 animadver-

192 1893 283 1931 tisse
312 1907 402 1931 cum
431 1906 502 1943 pro
532 1892 720 1931 Deiotaro
742 1893 913 1932 Nicaeae
935 1893 1073 1932 dixerit
1090 1909 1099 1941 3
1129 1895 1243 1932 valde
1263 1895 1516 1932 vehementer

193 1971 283 1996 eum
304 1958 429 1995 visum
456 1966 494 1995 et
520 1958 640 1996 libere
667 1957 820 2005 dicere,
849 1966 967 2008 atque
988 1959 1105 1997 etiam
1129 1959 1187 2010 (ut
1208 1958 1312 1997 enim
1340 1958 1515 2008 quidque

134 2037 174 2058 20
194 2022 381 2060 succurrit
414 2022 509 2060 libet
538 2022 723 2073 scribere)
756 2023 943 2073 proxime,
980 2037 1070 2061 cum
1106 2023 1206 2062 Sesti
1239 2030 1374 2072 rogatu
1407 2024 1514 2072 apud

237 2134 256 2163 3
283 2124 409 2154 Diverti
425 2124 452 2154 C
539 2134 555 2163 7
580 2124 844 2163 adfirmabatque
856 2136 883 2154 v.
894 2135 917 2155 c.
932 2125 1112 2165 L(ma1;g.)
1127 2121 1171 2156 Zb
1188 2138 1194 2157 :
1213 2127 1409 2157 adfirmabat
1424 2126 1511 2157 Crat.

193 2169 213 2198 8
239 2169 366 2207 Lepido
384 2167 517 2197 FMan.
536 2181 542 2198 ε
576 2167 623 2197 -di
650 2168 690 2197 M
775 2179 795 2206 9
821 2168 923 2198 istaec
947 2169 1043 2199 Rom.
1063 2169 1148 2210 vulg.
1168 2182 1175 2201 ε
1211 2171 1274 2200 ista
1292 2175 1326 2200 et
1343 2169 1392 2198 M¹
1409 2181 1416 2200 ε
1450 2171 1513 2200 ista

193 2210 248 2241 M'2
363 2221 401 2241 10
426 2211 607 2249 pudentem
624 2210 756 2240 Ernesti
870 2222 905 2250 14
932 2212 1045 2242 Sestio
1064 2212 1161 2244 Rom.
1285 2215 1324 2243 16
1349 2212 1423 2243 Non
1440 2217 1514 2243 ante

195 2255 304 2293 magni
337 2253 412 2284 add.
431 2254 563 2284 andt
718 2264 753 2292 17
778 2254 854 2294 sed]
883 2255 1011 2285 scilicet
1036 2255 1189 2287 Schmidt
1340 2257 1410 2287 vult
1435 2281 1440 2286 .
1468 2281 1475 2287 .
1502 2281 1509 2288 .

195 2299 263 2328 vult
283 2298 334 2326 ΜΖ
355 2310 361 2327 ;
387 2298 475 2327 volet
494 2321 500 2327 .
520 2321 527 2327 .
551 2323 556 2328 .
576 2297 667 2327 volet
684 2293 781 2327 M¹Z⁶
801 2298 835 2337 (i.
850 2309 872 2328 e.
891 2299 921 2329 Z
940 2299 1119 2329 secundnm
1143 2300 1342 2333 annehmn,
1361 2301 1398 2339 cf.
1418 2300 1515 2330 Clark

194 2343 225 2371 in
253 2340 479 2381 ‘Philologus'
510 2342 623 2381 (1901)
644 2346 699 2380 pp.
726 2352 783 2371 201
803 2342 854 2382 ff.)
884 2353 911 2371 v.
924 2353 946 2373 c.
1087 2345 1124 2373 18
1150 2344 1295 2375 Nicaeae
1324 2344 1391 2374 dix.
1420 2347 1514 2374 veih:

196 2385 289 2414 nicae
306 2385 392 2414 edix.
413 2383 453 2412 M
573 2384 697 2415 dixerit
713 2384 800 2417 codd.
817 2396 823 2415 :
848 2385 975 2416 diceret
992 2386 1125 2417 Ernesti
1268 2398 1311 2418 20
1335 2387 1425 2418 Sesti
1443 2389 1516 2418 vett.

194 2428 259 2458 coll.
279 2438 306 2458 2.
325 2438 365 2467 3:
392 2427 487 2458 Sexti
500 2427 542 2457 M
