1827 2798
596 164 707 202 EI’P.
739 165 816 201 AD
846 161 1106 203 ATTICVM
1432 164 1503 200 XI.
1528 162 1620 199 xxii

172 287 308 323 passus
328 281 386 313 est
413 275 462 313 de
483 274 559 313 illo.
620 277 739 324 Quod
768 275 927 325 quidem
954 275 1049 314 mihi
1076 277 1285 314 molestum
1313 289 1393 314 non
1415 283 1497 321 est;

171 339 267 378 illud
288 340 504 387 molestius,
525 340 616 378 istas
638 340 929 390 impetrationes
950 349 1101 379 nostras
1122 341 1218 380 nihil
1239 343 1376 380 valere.

226 406 341 451 Sulla,
366 412 407 442 ut
429 405 578 454 opinor,
602 419 684 443 cras
705 406 774 443 erit
796 406 858 443 hic
880 420 969 444 cum
993 408 1188 445 Messalla.
1248 408 1419 446 Currunt
1446 407 1496 444 ad
1515 413 1540 442 2

173 469 282 507 illum
317 469 417 520 pulsi
451 483 474 507 a
503 470 690 508 militibus
721 471 787 520 qui
822 485 862 508 se
896 480 1040 521 negant
1074 486 1250 521 usquam,
1283 472 1357 509 nisi
1391 485 1499 509 acce-

137 545 152 575 5
174 534 309 583 perint.
381 536 485 584 Ergo
517 535 580 573 ille
615 537 691 573 huc
725 535 864 581 veniet,
902 537 1009 584 quod
1044 549 1124 573 non
1154 537 1356 586 putabant,
1389 538 1496 574 tarde

171 598 344 647 quidem.
388 599 532 637 Itinera
552 599 655 637 enim
678 599 730 637 ita
751 599 841 637 facit
862 608 903 638 ut
925 602 1069 638 multos
1090 600 1172 638 dies
1193 601 1233 638 in
1254 601 1497 650 †oppiduni†

171 672 302 712 ponat.
346 665 565 701 Pharnaces
581 673 723 710 autem,
741 678 902 714 quoquo
919 666 1040 703 modo
1056 673 1152 714 aget,
1168 667 1317 704 adferet
1334 680 1496 705 moram.

172 727 280 775 Quid
309 728 404 765 mihi
434 727 548 777 igitur
577 731 744 766 censes?
802 730 887 767 Iam
917 729 1023 767 enim
1052 743 1215 779 corpore
1236 730 1297 768 vix
1324 731 1498 769 sustineo

170 793 397 842 gravitatem
417 793 532 831 huius
549 794 644 832 caeli
667 808 768 844 quae
788 794 884 831 mihi
905 796 1130 844 languorem
1152 797 1276 834 adfert
1293 797 1332 833 in
1348 797 1496 835 dolore.

115 872 151 894 10
172 860 235 895 An
257 858 316 896 his
337 858 428 896 illuc
450 859 633 897 euntibus
650 861 835 898 mandem
857 868 898 897 ut
915 874 977 898 me
998 868 1194 908 excusent,
1212 860 1295 911 ipse
1310 862 1498 899 accedam

171 923 361 973 propius?
406 926 575 973 Quaeso,
599 926 758 962 attende
779 933 817 962 et
838 938 910 971 me,
928 926 1035 974 quod
1055 926 1186 963 adhuc
1207 939 1322 975 saepe
1343 934 1498 975 rogatus

171 1002 252 1026 non
281 986 417 1035 fecisti,
441 989 606 1027 consilio
633 989 730 1027 iuva.
791 989 881 1027 Scio
908 1003 988 1027 rem
1016 990 1213 1028 difficilem
1242 1004 1336 1036 esse,
1361 992 1429 1029 sed
1457 999 1498 1028 ut

171 1055 212 1091 iu
235 1053 345 1091 malis
368 1053 484 1091 etiam
507 1054 602 1092 illud
625 1068 712 1092 mea
733 1054 863 1103 magni
884 1054 1043 1092 interest
1063 1061 1101 1093 te
1121 1062 1163 1092 ut
1182 1054 1348 1093 videam.
1410 1057 1498 1094 Pro<

172 1120 275 1156 fecto
301 1119 450 1168 aliquid
477 1122 689 1168 profecero,
713 1118 743 1156 si
772 1118 812 1157 id
840 1118 1037 1157 acciderit.
1097 1120 1158 1157 De
1186 1126 1431 1166 testamento,
1456 1128 1498 1158 ut

116 1193 149 1224 15
171 1183 318 1230 scribis,
341 1183 637 1222 animadvertes.

212 1312 374 1348 XXIII
467 1316 537 1348 Scr.
559 1316 723 1348 Brundisi
735 1318 779 1348 vii
792 1317 840 1349 Id.
861 1317 973 1358 Quint.
991 1328 1022 1349 a.
1042 1327 1101 1357 707
1118 1315 1204 1359 (47).

580 1404 755 1435 CICERO
787 1404 957 1436 ATTICO
990 1404 1091 1437 SAL.

223 1483 345 1531 Quod
375 1483 426 1521 ad
456 1490 493 1520 te
523 1482 749 1532 scripseram
782 1490 823 1519 ut
853 1495 943 1520 cum
973 1482 1142 1521 Camillo
1172 1482 1494 1528 communicares,
1517 1495 1536 1524 1

169 1548 219 1586 de
258 1562 306 1586 eo
346 1547 536 1587 Camillus
576 1547 672 1585 mihi
711 1547 863 1597 scripsit
902 1552 934 1584 te
972 1561 1106 1585 secum
1145 1549 1332 1585 locutum.
1391 1549 1497 1585 Tuas

111 1625 151 1648 20
170 1612 314 1651 litteras
344 1613 644 1663 exspectabam,
675 1612 748 1650 nisi
769 1612 866 1650 illud
890 1612 1051 1661 quidem
1080 1612 1229 1659 mutari,
1254 1612 1284 1650 si
1310 1611 1420 1650 aliter
1440 1621 1497 1650 est

169 1686 206 1716 et
237 1686 401 1728 oportet,
424 1692 505 1717 non
535 1678 650 1716 video
680 1691 805 1727 posse.
866 1678 944 1715 Sed
973 1691 1064 1715 cum
1090 1677 1141 1715 ab
1165 1677 1231 1714 illo
1257 1677 1495 1726 accepissem

167 1743 324 1791 litteras,
357 1744 572 1782 desideravi
602 1751 686 1781 tuas
718 1742 806 1792 (etsi
836 1743 1024 1792 putabam
1054 1750 1092 1780 te
1119 1742 1322 1780 certiorem
1350 1744 1495 1780 factum

168 1822 248 1846 non
270 1808 382 1859 esse),
407 1811 528 1848 modo
549 1811 695 1847 valeres
710 1823 720 1856 3
750 1808 956 1858 scripseras
978 1807 1083 1847 enim
1105 1815 1142 1846 te
1163 1809 1337 1858 quodam
1354 1809 1498 1846 valetu-

167 1872 270 1910 dinis
289 1887 431 1923 genere
451 1874 640 1924 temptari.

111 1952 147 1983 25
221 1938 391 1987 Agusius
430 1938 591 1988 quidam
628 1940 774 1977 Rhodo
808 1946 967 1977 venerat
998 1949 1072 1975 V111
1109 1938 1205 1976 Idus
1240 1937 1374 1985 Quint.
1455 1940 1537 1975 1³⁴2

167 2002 373 2041 nuntiabat
395 2003 587 2052 Quintum
616 2004 738 2041 filium
766 2005 816 2042 ad
839 2005 1047 2043 Caesarem
1075 2004 1293 2053 profectum
1316 2015 1377 2039 1111
1404 2005 1489 2040 Kal.

168 2069 268 2113 Iun„
294 2067 548 2106 Philotimum
572 2070 761 2107 Rhodum
784 2069 909 2118 pridie
929 2082 1020 2107 eum
1041 2068 1146 2106 diem
1168 2067 1330 2112 venisse,
1350 2068 1493 2106 habere

166 2133 216 2170 ad
245 2146 307 2170 me
337 2132 491 2170 litteras.
553 2135 687 2183 Ipsum
717 2133 908 2183 Agusium
936 2133 1084 2171 audies.
1143 2133 1221 2170 Sed
1250 2132 1395 2170 tardius
1424 2133 1494 2170 iter

166 2196 344 2235 faciebat.
404 2199 464 2235 Eo
493 2197 566 2234 feci
595 2206 636 2235 ut
665 2196 745 2249 [eo]
773 2197 950 2236 celeriter
975 2196 1082 2235 eunti
1107 2198 1252 2235 darem.
1312 2196 1419 2245 Quid
1445 2197 1492 2234 sit

209 2302 230 2330 6
252 2300 432 2340 oppidum]
459 2311 528 2330 uno
553 2301 678 2340 oppido
703 2301 916 2342 Peerlkamp:
950 2301 1084 2341 oppidis
1110 2301 1230 2332 Lamb.
1362 2311 1382 2339 9
1407 2312 1492 2339 quae

165 2342 285 2375 Lamb.
305 2356 311 2375 :
336 2344 392 2383 qui
411 2344 468 2374 M:
493 2345 572 2382 quia
588 2344 687 2374 Klotz
775 2345 972 2384 languorem
990 2344 1221 2377 Vrsinicodcx:
1246 2344 1395 2375 laborem
1408 2344 1498 2374 MW

168 2397 206 2425 13
231 2387 264 2417 in
284 2387 357 2418 add.
371 2387 555 2417 Beroaldus
690 2398 728 2427 19
750 2389 884 2428 scripsit
902 2393 934 2419 te
951 2399 1065 2419 secum
1082 2388 1199 2419 Rom.:
1222 2389 1398 2428 scripsisse
1416 2399 1490 2419 cum

166 2429 256 2460 MW
400 2441 442 2461 20
465 2436 517 2461 est
539 2431 706 2479 lfl'lzrom.
725 2431 766 2462 M
912 2442 953 2472 29
977 2442 1018 2463 eo
1034 2431 1091 2463 del.
1108 2431 1283 2464 Graevius:
1308 2433 1369 2462 has
1387 2432 1487 2463 Rom.
