1827 2798
143 132 254 170 XIV.
277 132 355 169 xiii
661 132 716 168 M.
749 131 916 167 TVLLI
949 128 1256 168 CICERONIS

294 255 413 292 quam
453 240 679 286 honorifice,
718 241 827 290 quod
864 241 915 278 ad
955 253 1019 278 me
1060 238 1213 287 attinet,
1245 253 1291 278 ex
1329 237 1450 289 ipsius
1489 237 1624 276 litteris

293 319 508 356 cognosces
528 304 632 355 (misi
654 304 758 343 enim
781 304 852 343 tibi
872 303 1127 355 exemplum),
1145 317 1263 354 quam
1285 303 1489 352 dissolute,
1505 317 1624 353 quam

293 370 454 420 turpiter
481 383 680 419 quamque
714 369 768 407 ita
797 369 1016 420 perniciose
1046 377 1088 408 ut
1117 382 1196 407 non
1232 382 1450 418 numquam
1481 369 1626 408 Caesar

291 435 576 474 desiderandus
606 448 692 473 esse
718 434 897 473 videatur
921 434 1034 473 facile
1064 433 1316 472 existimabis.
1375 435 1489 483 Quae
1519 432 1624 471 enim

292 501 437 539 Caesar
456 513 675 549 numquam
696 513 826 549 neque
846 499 1001 537 fecisset
1018 512 1147 548 neque
1167 512 1304 549 passus
1326 506 1437 545 esset,
1454 512 1500 536 ea
1520 512 1625 535 nunc
1649 514 1661 520 -

291 579 338 603 ex
354 564 458 602 falsis
475 564 557 603 eius
574 564 866 602 commentariis
884 565 1145 614 proferuntur.
1196 565 1281 613 Ego
1301 571 1432 601 autem
1448 562 1625 601 Antonio

291 629 520 668 facillimum
556 643 619 667 me
653 629 827 679 praebui.
889 628 1048 667 Etenim
1084 628 1158 676 ille,
1193 628 1381 677 quoniam
1416 630 1537 666 semel
1573 628 1625 665 in-

290 695 401 734 duxit
427 695 604 733 animum
632 695 706 733 sibi
733 695 849 733 licere
876 696 985 744 quod
1011 696 1138 741 vellet,
1162 694 1317 733 fecisset
1344 693 1467 732 nihilo
1494 693 1624 731 minus

291 774 354 799 me
388 760 522 798 invito.
593 762 733 811 Itaque
773 773 950 799 mearum
983 773 1144 811 quoque
1177 759 1392 799 litterarum
1431 758 1519 797 misi
1553 758 1623 797 tibi

290 827 527 877 exemplum.

935 942 982 980 A.

478 1038 548 1071 Ser.
565 1038 695 1070 Romae
711 1039 795 1070 inter
809 1049 838 1070 α.
859 1038 888 1070 d.
906 1050 930 1069 x
945 1042 974 1069 et
989 1038 1035 1070 vii
1048 1037 1092 1069 K.
1114 1037 1195 1069 Mai.
1217 1049 1246 1069 (ι.
1270 1047 1326 1078 710
1345 1038 1430 1079 (44).

516 1126 753 1158 ANTONIVS
792 1127 892 1158 COS.
924 1126 958 1157 S.
996 1127 1037 1157 D.
1072 1127 1116 1157 M.
1153 1126 1391 1158 CICERONI.

252 1229 270 1258 1
344 1216 687 1266 occupationibus
714 1223 772 1254 est
794 1217 940 1254 factum
966 1215 1062 1254 meis
1083 1224 1121 1254 et
1142 1215 1272 1254 subita
1292 1224 1359 1254 tua
1378 1215 1621 1266 profectione

289 1296 339 1320 ne
373 1290 503 1320 tecum
543 1295 675 1319 coram
710 1282 761 1319 de
795 1282 869 1319 hac
903 1295 943 1320 re
981 1295 1147 1332 agerem.
1208 1283 1340 1330 Quam
1374 1281 1427 1319 ob
1461 1294 1619 1319 causam
1669 1296 1680 1303 -

289 1360 424 1385 vereor
444 1361 493 1385 ne
517 1346 696 1384 absentia
716 1358 805 1384 mea
824 1345 946 1384 levior
966 1346 1014 1384 sit
1034 1348 1141 1397 apud
1162 1354 1210 1384 te.
1271 1347 1393 1395 Quod
1414 1346 1444 1384 si
1466 1345 1621 1384 bonitas

288 1421 355 1451 tua
393 1411 638 1462 responderit
676 1411 824 1450 iudicio
863 1424 953 1450 meo
988 1412 1096 1462 quod
1135 1424 1290 1462 semper
1327 1410 1448 1449 habui
1486 1412 1537 1450 de
1571 1419 1619 1458 te,

286 1477 481 1528 gaudebo.

244 1557 269 1585 2
341 1544 379 1580 A
400 1544 567 1582 Caesare
596 1542 691 1592 petii
721 1549 763 1580 ut
793 1544 880 1581 Sex.
909 1541 1096 1582 Clodium
1127 1541 1368 1589 restitueret3
1403 1541 1621 1592 impetravi.

289 1610 383 1646 Erat
411 1607 506 1646 mihi
530 1608 570 1645 in
596 1608 730 1646 animo
754 1608 871 1646 etiam
901 1616 983 1646 tum
1015 1608 1069 1646 sic
1100 1607 1156 1646 uti
1183 1607 1378 1646 beneficio
1408 1607 1491 1645 eius
1521 1607 1551 1645 si
1579 1615 1620 1645 tu
1643 1624 1656 1644 2

287 1673 563 1712 concessisses.
617 1676 710 1722 Quo
732 1675 854 1724 magis
876 1675 1012 1712 laboro
1033 1682 1074 1712 ut
1096 1682 1162 1712 tua
1182 1675 1384 1712 voluntate
1408 1673 1448 1711 id
1470 1687 1538 1723 per
1558 1686 1621 1711 me

287 1741 414 1778 facere
444 1752 550 1777 nunc
578 1740 694 1777 liceat.
756 1740 878 1787 Quod
913 1739 944 1777 si
976 1739 1173 1778 duriorem
1204 1746 1242 1777 te
1272 1738 1355 1776 eius
1390 1737 1554 1776 miserae
1584 1747 1621 1775 et

286 1804 468 1843 adflictae
507 1805 686 1842 fortunae
725 1804 899 1854 praebes,
937 1818 1017 1842 non
1053 1805 1293 1842 contendam
1328 1816 1401 1853 ego
1435 1804 1620 1841 adversus

287 1878 336 1917 te,
360 1883 600 1920 quamquam
625 1869 761 1908 videor
781 1870 927 1908 debere
954 1869 1052 1908 tueri
1077 1868 1406 1907 commentarium
1429 1867 1617 1907 Caesaris.

287 1938 365 1975 Sed
400 1949 463 1974 me
493 1937 661 1982 hercule,
695 1935 726 1973 si
765 1935 988 1973 humaniter
1026 1943 1064 1973 et
1099 1934 1294 1985 sapienter
1332 1941 1370 1972 et
1401 1933 1621 1972 amabiliter
1667 1946 1678 1952 ·

286 2001 326 2039 in
357 2015 420 2039 me
449 2000 620 2050 cogitare
653 2000 724 2049 vis,
748 2000 903 2039 facilem
933 2002 1110 2050 profecto
1140 2008 1178 2039 te
1207 1999 1414 2050 praebebis
1448 2007 1486 2037 et
1513 2001 1620 2038 voles

288 2068 329 2103 P.
360 2065 559 2112 Clodium,
588 2065 628 2103 in
661 2065 811 2116 optima
842 2079 911 2115 spe
942 2077 1108 2116 puerum
1143 2064 1374 2115 repositum,
1400 2063 1620 2103 existimare

287 2145 368 2170 non
408 2139 445 2169 te
484 2131 720 2169 insectatum
759 2144 858 2179 esse,
887 2145 979 2169 cum
1018 2131 1202 2181 potueris,
1234 2130 1383 2168 amicos
1422 2137 1617 2180 paternos.

236 2209 266 2246 3
288 2198 436 2244 Patere,
460 2197 637 2245 obsecro,
655 2204 694 2234 te
714 2209 785 2247 pro
805 2210 845 2235 re
865 2196 1026 2247 publica
1045 2195 1167 2235 videri
1187 2195 1353 2246 gessisse
1380 2194 1617 2233 simultatem

330 2310 350 2338 3
375 2301 418 2329 ita
435 2310 499 2331 om.
522 2299 621 2330 Rom.
760 2309 779 2339 5
804 2310 915 2339 neque
932 2299 1068 2330 fecisset
1081 2310 1190 2340 neque
1204 2309 1325 2340 passus
1340 2303 1431 2329 esset
1444 2298 1488 2329 C:
1507 2308 1618 2336 neque

285 2344 423 2374 fecisset
444 2341 489 2372 M¹
506 2355 512 2375 :
547 2353 658 2382 neque
676 2343 758 2373 fecit
776 2354 887 2382 neque
905 2343 1040 2374 fecisset
1059 2343 1111 2374 Mt
1267 2344 1288 2373 6
1322 2342 1415 2373 salsis
1433 2341 1490 2374 del.
1512 2341 1614 2380 Cobet,

286 2387 342 2419 vix
358 2391 432 2417 recte
563 2397 603 2416 22
628 2386 726 2418 liceat
742 2386 818 2417 add.
841 2390 913 2418 velt.
