1827 2798
620 159 733 197 EPP.
765 160 842 197 AD
872 160 1132 199 ATTICVM
1488 163 1535 200 X.
1556 174 1583 199 x

203 279 300 323 puto
347 285 446 322 opus
494 285 590 311 esse.
664 271 744 310 Hic
791 280 923 311 tamen
964 272 1177 322 Cytherida
1220 287 1354 312 secum
1393 274 1530 312 lectica
1552 285 1576 322 5

202 344 336 387 aperta
378 344 516 387 portat,
557 338 718 375 alteram
757 351 927 376 uxorem.
1005 339 1163 388 Septem
1203 347 1403 389 praeterea
1440 352 1532 377 con-

203 401 360 439 iunctae
380 401 542 439 lecticae
565 401 779 439 amicarum
804 410 894 439 sunt
921 416 973 439 aas
996 403 1224 440 amicorum.
1283 403 1386 442 Vide
1410 417 1529 453 quam

204 465 306 515 turpi
327 467 405 503 leto
428 479 634 516 pereamus
663 474 702 504 et
723 466 869 513 dubita,
893 466 925 504 si
950 475 1072 515 potes,
1095 467 1190 517 quin
1215 468 1290 515 ille,
1313 481 1381 506 seu
1406 468 1531 506 victus

166 544 272 579 5seu
311 529 434 568 victor
467 530 633 577 redierit,
669 531 833 568 caedem
871 532 1040 568 facturus
1079 531 1138 569 sit.
1217 534 1302 582 Ego
1341 545 1432 570 vero
1470 534 1531 570 vel

203 595 425 642 luntriculo‚
452 595 482 633 si
513 595 621 633 navis
651 609 731 633 non
761 595 842 642 erit,
865 595 1025 644 eripiam
1057 610 1119 634 me
1149 610 1195 634 ex
1225 596 1387 635 istorum
1417 596 1532 647 parri-

203 659 319 698 cidio.
379 662 457 698 Sed
479 662 589 710 plura
608 660 776 698 scribam
797 674 887 698 cum
909 660 1016 697 illum
1039 674 1273 699 convenerO.

259 726 448 762 Iuvenem
470 733 646 762 nostrum
668 738 748 762 non
768 738 927 774 possum
952 739 1032 763 non
1055 739 1186 764 amare
1213 727 1283 764 sed
1307 727 1356 764 ab
1383 739 1431 765 eo
1456 740 1527 765 nos
1547 728 1574 765 6

204 802 285 827 non
304 789 425 826 amari
447 791 561 839 plane
582 789 776 838 intellego.
827 789 935 826 Nihil
956 803 1028 838 ego
1050 789 1125 827 vidi
1149 798 1228 828 tam
1249 792 1527 840 ἀνηθοποίητον,

146 870 185 892 10
205 862 284 891 tam
311 867 490 892 aversum
516 867 539 892 a
563 853 653 901 suis,
676 862 755 892 tam
783 854 916 892 nescio
940 854 1035 903 quid
1063 855 1249 904 cogitans.
1313 857 1348 895 O
1373 855 1451 894 vim
1478 856 1533 894 in-

205 919 434 957 credibilem
461 918 750 956 molestiarum!
792 919 869 956 Sed
897 918 967 956 erit
996 932 1110 957 curae
1139 927 1178 958 et
1209 928 1266 959 est
1296 928 1337 959 ut
1366 929 1530 971 regatur-

207 984 354 1021 Mirum
376 991 434 1022 est
454 983 559 1021 enim
580 982 791 1033 ingenium,
815 983 925 1032 ἤθους
945 985 1196 1033 ἐπιμελητέον.

248 1156 316 1191 XI
487 1157 556 1190 Ser.
576 1159 609 1189 in
628 1158 783 1189 Cumano
799 1159 830 1189 iv
845 1157 930 1189 Non.
948 1158 1030 1191 Mai.
1047 1170 1076 1191 a.
1098 1170 1151 1199 705
1170 1159 1256 1201 (49).

616 1244 786 1276 CICERO
809 1245 989 1276 ATTICO
1011 1245 1116 1278 SAL.

148 1335 185 1368 15
260 1323 478 1374 Obsignata
501 1322 577 1361 iam
606 1322 772 1372 epistula
796 1323 993 1372 superiore
1020 1337 1099 1361 non
1128 1324 1273 1373 placuit
1301 1324 1335 1363 ei
1361 1325 1443 1364 dari
1470 1326 1530 1364 cui
1553 1340 1570 1367 1

204 1390 484 1428 constitueram
518 1389 625 1438 quod
656 1395 735 1426 erat
765 1388 925 1426 alienus.
991 1390 1130 1438 Itaque
1161 1403 1207 1427 eo
1238 1389 1302 1428 die
1332 1391 1423 1428 data
1452 1405 1532 1429 non

205 1462 272 1493 est.
334 1453 496 1492 Interim
517 1453 624 1491 venit
647 1452 880 1490 Philotimus
901 1461 938 1490 et
960 1453 1054 1490 mihi
1075 1467 1097 1490 a
1118 1462 1155 1492 te
1180 1454 1324 1492 litteras
1349 1455 1530 1493 reddidit.

205 1520 361 1569 Quibus
383 1532 484 1568 quae
511 1519 561 1556 de
588 1520 702 1556 fratre
730 1531 820 1555 meo
847 1518 993 1566 scribis,
1016 1527 1105 1556 sunt
1134 1533 1179 1556 ea
1207 1520 1367 1568 quidem
1395 1534 1533 1570 parum

204 1587 315 1622 firma
342 1586 410 1622 sed
442 1584 588 1622 habent
616 1583 712 1628 nihil
739 1584 909 1629 ὕπουλον,
932 1583 1028 1621 nihil
1055 1585 1178 1629 fallax,
1203 1585 1299 1622 nihil
1327 1598 1407 1623 non
1432 1586 1534 1624 flexi-

147 1665 184 1686 20
204 1649 282 1688 bile
311 1650 362 1687 ad
389 1648 618 1695 bonitatem,
648 1647 744 1685 nihil
771 1649 879 1697 quod
906 1662 986 1685 non
1017 1662 1096 1698 quo
1122 1649 1217 1687 velis
1244 1663 1324 1687 uno
1352 1663 1532 1688 sermone

204 1713 330 1764 possis
372 1715 610 1764 perducere3
658 1726 708 1751 ne
747 1715 879 1760 multa,
920 1713 1048 1750 omnis
1088 1727 1190 1760 suos,
1232 1714 1349 1752 etiam
1388 1715 1532 1764 quibus

204 1778 379 1816 irascitur
412 1778 595 1824 crebrius,
627 1786 759 1816 tamen
789 1791 898 1815 caros
928 1779 1057 1824 habet,
1090 1792 1153 1816 me
1184 1778 1345 1828 quidem
1376 1793 1416 1817 se
1446 1779 1531 1829 ipso

204 1843 402 1881 cariorem.
454 1844 575 1891 Quod
596 1844 646 1881 de
666 1856 788 1893 puero
807 1843 918 1881 aliter
936 1844 986 1881 ad
1008 1850 1045 1880 te
1066 1843 1217 1893 scripsit
1239 1851 1276 1882 et
1296 1845 1346 1882 ad
1368 1851 1528 1882 matrem

204 1909 254 1946 de
288 1908 380 1956 filio,
416 1921 497 1945 non
532 1909 786 1958 reprehendo.
848 1910 909 1946 De
939 1907 1090 1956 Quinto
1123 1916 1161 1946 et
1191 1910 1241 1947 de
1271 1921 1401 1947 sorore
1431 1922 1531 1959 quac

146 1989 183 2020 ²5
205 1975 340 2013 scribis
371 1976 535 2013 molesta
564 1982 655 2012 sunt
684 1987 812 2024 eoque
839 1974 960 2024 magis
987 1976 1095 2023 quod
1124 1988 1169 2012 ea
1196 1982 1373 2024 tempora
1398 1982 1531 2012 nostra

204 2048 294 2078 sunt
318 2048 360 2078 ut
387 2054 459 2089 ego
487 2040 531 2078 iis
559 2039 707 2078 mederi
734 2053 814 2077 non
843 2039 1002 2089 possim.
1062 2041 1164 2076 Nam
1196 2047 1299 2077 certe
1329 2040 1529 2085 mederer;

250 2154 262 2173 1
290 2147 363 2174 ante
380 2143 566 2182 Cytherida
583 2142 721 2174 addend.
742 2143 924 2182 Cytherius
941 2143 1056 2172 conieci
1068 2142 1134 2172 coll.
1148 2153 1202 2172 xv.
1218 2152 1258 2171 22
1378 2152 1397 2171 2
1422 2142 1528 2172 altera

204 2191 274 2218 vell.
437 2196 455 2224 3
481 2192 558 2216 sunt
575 2197 617 2216 an
644 2186 781 2217 Rosius:
818 2190 895 2215 sunt
919 2184 996 2215 Ml:
1030 2197 1068 2215 ee
1096 2191 1173 2215 sunt
1201 2185 1255 2214 M²
1388 2196 1417 2224 5,
1433 2187 1453 2215 6
1476 2186 1527 2215 vel

203 2230 384 2261 luntriculo
400 2229 495 2260 Vr'ct.:
519 2230 647 2259 vellunt
666 2230 807 2259 ridiculo
821 2229 873 2258 M¹
893 2241 899 2259 :
918 2229 993 2259 velo
1011 2229 1149 2259 ridiculo
1165 2229 1241 2258 M‘·':
1267 2229 1318 2258 vel
1338 2229 1529 2259 lutridiculo

203 2273 235 2303 Z
354 2284 391 2304 10
417 2273 446 2303 O
470 2272 546 2303 add.
573 2272 697 2302 Mz‘c'llcr
817 2282 850 2301 11
878 2273 928 2312 et]
958 2277 992 2301 ut
1017 2273 1094 2302 coni.
1119 2271 1306 2313 ll'esenbctg
1428 2273 1465 2301 18
1491 2283 1529 2302 ca

202 2317 338 2356 quidem
357 2318 397 2347 l:
428 2317 582 2355 equidem
602 2316 642 2345 Μ
755 2326 793 2354 19
817 2316 918 2345 habet
940 2317 1016 2345 coni.
1040 2314 1227 2355 lVesenberg
1335 2326 1374 2354 24
1400 2315 1528 2354 Quinto

209 2360 344 2398 Tyrrell:
365 2360 447 2389 itine
461 2353 561 2389 MZ'b
576 2371 581 2390 :
601 2359 722 2389 itinere
735 2360 839 2398 vulg:
860 2359 987 2397 Quinto
1004 2359 1106 2389 fratre
1119 2359 1257 2389 thiller:
1275 2359 1366 2389 affini
1379 2358 1530 2391 Schmidt

203 2413 244 2443 25
269 2403 402 2444 scribis]
423 2403 470 2433 ad
484 2404 550 2434 -bis
566 2403 682 2433 iterum
699 2403 808 2443 incipit
828 2401 873 2431 Η]
