1827 2798
114 947 151 968 10

115 1271 150 1302 15

115 1594 153 1616 20

586 172 697 208 EPP.
730 172 806 208 AD
836 171 1096 209 ATTICVM
1460 169 1528 206 IX.
1548 170 1592 205 xi

167 289 290 321 strum
311 312 319 321 .
342 312 350 321 .
374 313 382 320 .
405 290 443 321 et
463 283 513 320 ad
534 281 678 320 civium
705 282 957 321 concordiam
978 296 1046 332 per
1066 289 1104 320 te
1128 295 1246 332 quam
1276 293 1496 320 accommo-

167 346 414 385 datissimum
447 346 677 385 conservari.
738 348 822 396 Ego
863 360 953 385 cum
983 355 1100 384 antea
1130 346 1200 384 tibi
1238 347 1288 384 de
1327 347 1496 383 Lentulo

166 411 307 460 gratias
327 411 504 460 egissem,
528 425 618 449 cum
639 410 674 449 ei
696 411 808 448 saluti
829 411 895 460 qui
924 411 1017 448 mihi
1046 412 1168 448 fuerat
1193 410 1340 455 fuisses,
1366 418 1496 447 tamen

167 475 277 513 lectis
311 474 395 513 eius
433 475 568 513 litteris
603 488 699 524 quas
738 476 789 512 ad
824 489 885 512 me
919 474 1137 524 gratissimo
1175 474 1308 512 animo
1347 475 1396 511 (le
1432 482 1497 511 tua

168 540 398 578 liberalitate
430 540 703 589 beneficioque
743 539 859 585 misit,
889 541 1080 579 ’l‘eandem
1116 553 1178 577 me
1213 541 1375 577 salutem
1408 553 1430 576 a
1459 546 1496 576 te

167 604 391 654 accepisse†
412 618 531 654 quam
552 604 626 642 ille.
678 606 725 642 In
746 618 864 654 quem
886 605 915 642 si
933 619 995 642 me
1016 604 1206 654 intellegis
1228 618 1311 642 esse
1332 612 1493 653 gratum,

169 682 271 716 cura„
294 669 471 717 obsecro,
494 677 536 707 ut
556 669 674 707 etiam
696 669 735 707 in
757 669 990 719 Pompeium
1011 682 1096 707 esse
1117 669 1274 719 possim.

211 791 307 827 XII
438 795 507 828 Ser.
528 796 561 826 in
579 796 760 827 Formiano
775 796 835 827 ‚17'1‘1'
848 796 888 828 K.
907 796 989 837 Apr.
1009 808 1041 828 a.
1065 807 1120 836 705
1136 797 1221 838 (49).

584 862 753 892 CICERO
776 862 955 893 ATTICO
978 861 1086 894 SAL.

225 929 415 978 Legeram
437 936 522 966 tuas
543 928 688 967 litteras
710 941 787 966 xm
816 931 877 975 K„
902 943 992 967 cum
1015 929 1110 967 mihi
1137 930 1302 980 epistula
1326 931 1496 967 adfertur
1517 939 1532 965 1

170 1006 194 1031 a
214 995 340 1043 Lepta
359 993 693 1031 circumvallatum
711 1007 795 1031 esse
814 994 1058 1043 Pompeium,
1077 994 1223 1031 ratibus
1239 994 1356 1031 etiarn
1373 993 1497 1032 exitus

170 1066 306 1108 portus
344 1058 476 1096 teneri.
549 1059 641 1095 Non
677 1058 829 1096 medius
865 1058 981 1095 fidius
1012 1071 1104 1107 prae
1135 1058 1302 1095 lacrimis
1336 1071 1497 1107 possum

171 1123 319 1172 reliqua
349 1136 421 1160 nec
451 1122 621 1172 cogitare
652 1136 724 1160 nec
755 1122 932 1160 scribere.
995 1122 1087 1160 Misi
1113 1124 1164 1160 ad
1195 1130 1232 1160 te
1262 1123 1495 1170 exemplum.

173 1188 341 1226 Miseros
380 1191 476 1225 nos!
518 1201 586 1225 cur
620 1201 700 1225 non
736 1201 874 1225 omnes
910 1189 1032 1225 fatum
1072 1187 1173 1226 illius
1212 1201 1289 1225 una
1328 1186 1499 1225 exsecuti

171 1254 335 1291 sumus?
393 1254 499 1290 Ecce
527 1260 659 1290 autem
689 1266 711 1290 a
743 1252 869 1290 Matio
899 1260 936 1290 et
966 1252 1153 1290 Trebatio
1183 1254 1333 1297 eadem,
1357 1251 1499 1301 quibus

173 1317 395 1356 Menturnis
429 1317 535 1355 obvii
570 1317 747 1356 Caesaris
783 1316 982 1354 tabellarii.
1042 1318 1247 1366 Torqueor
1279 1316 1422 1361 infelix,
1459 1323 1499 1353 ut

171 1382 249 1420 iam
270 1382 380 1419 illum
403 1382 635 1419 Mucianum
676 1381 823 1419 exitum
846 1390 1039 1431 exoptem.
1099 1383 1152 1419 At
1182 1395 1299 1431 quam
1321 1382 1497 1427 honesta,

170 1455 210 1485 at
239 1461 358 1497 quam
388 1447 570 1496 expedita
601 1454 668 1484 tua
697 1446 870 1493 consilia,
899 1460 1017 1495 quam
1047 1439 1226 1495 evigilata
1255 1446 1329 1483 tuis
1359 1445 1501 1495 cogita-

170 1512 355 1559 tionibus,
379 1526 457 1561 qua
482 1511 638 1557 itineris,
664 1525 742 1560 qua
770 1511 1037 1561 navigationis,
1061 1524 1140 1560 qua
1168 1524 1397 1560 congressus
1428 1524 1500 1548 scr-

172 1577 380 1627 monisque
408 1590 500 1615 cum
531 1578 725 1615 Caesare!
783 1576 930 1614 Omnia
954 1590 1043 1614 cum
1071 1577 1237 1614 honesta
1263 1584 1345 1613 turn
1373 1583 1496 1613 cauta.

172 1644 220 1680 In
244 1642 407 1692 Epirum
427 1654 520 1679 vero
540 1640 717 1679 invitatio
746 1654 863 1690 quam
886 1641 1024 1686 suavis,
1045 1654 1163 1690 quam
1184 1640 1362 1681 liberalis,
1380 1654 1498 1690 quam

171 1709 360 1746 fraterna!

227 1774 288 1811 De
312 1773 504 1823 Dionysio
531 1788 617 1812 sum
645 1774 860 1812 admiratus
881 1774 947 1823 qui
968 1774 1075 1823 apud
1096 1787 1158 1811 me
1179 1772 1405 1810 honoratior
1426 1771 1496 1809 fuit
1516 1786 1540 1813 2

171 1851 290 1888 quam
314 1840 420 1888 apud
451 1839 675 1889 Scipionem
707 1839 941 1883 Panaetius3
970 1853 993 1876 a
1019 1852 1098 1888 quo
1119 1838 1379 1888 impurissime
1400 1838 1497 1874 haec

172 1911 305 1942 nostra
329 1905 484 1942 fortuna
508 1906 695 1954 despecta
721 1913 789 1943 est.
851 1904 931 1943 Odi
959 1903 1161 1941 hominem
1189 1911 1227 1941 et
1253 1904 1399 1949 odero3
1428 1901 1498 1939 uti-

172 1981 264 2006 nam
286 1968 419 2007 ulcisci
440 1983 597 2019 possem
617 1973 622 2007 !
680 1971 758 2007 Sed
784 1969 891 2007 illum
914 1970 1149 2006 ulciscentur
1170 1981 1296 2005 mores
1318 1967 1386 2004 sui.

226 2035 300 2078 Tu,
330 2047 488 2083 quaeso,
521 2048 626 2072 nunc
657 2036 718 2071 vel
749 2034 917 2072 maxime
951 2034 1046 2083 quid
1076 2034 1272 2082 agendum
1303 2031 1417 2069 nobis
1449 2031 1495 2069 sit
1515 2041 1539 2077 3

172 2097 311 2147 cogita.
383 2099 524 2148 Populi
553 2099 725 2137 Romani
755 2099 945 2137 exercitus
976 2100 1048 2138 Cn.
1074 2097 1306 2147 Pompeium
1337 2096 1498 2134 circurn-

174 2164 297 2210 sedet,
332 2164 437 2202 fossa
474 2171 513 2202 et
545 2165 648 2202 vallo
686 2171 865 2214 saeptum
901 2171 1019 2210 tenet,
1056 2164 1146 2212 fuga
1176 2161 1383 2212 prohibetg
1428 2174 1498 2199 nos

219 2278 233 2298 1
255 2272 330 2309 post
345 2273 493 2298 vestrum
511 2268 585 2299 add.
605 2268 748 2299 amicum
766 2274 799 2299 ct
817 2269 857 2298 ad
875 2272 1021 2298 vestram
1038 2266 1213 2298 Lehmann
1364 2276 1383 2305 3
1407 2266 1496 2307 curn]

175 2313 264 2351 quod
295 2313 372 2343 coni.
402 2311 521 2343 Lamb.
550 2312 607 2342 scd
635 2313 670 2350 (fi
702 2312 797 2342 Fam.
830 2312 895 2342 xiii.
923 2322 975 2350 24.
1004 2322 1023 2340 2
1130 2316 1241 2341 tamen
1273 2309 1377 2341 O²Ms
1394 2323 1400 2340 :
1432 2316 1500 2340 tum

176 2355 316 2386 EO¹RL
336 2357 475 2394 tmangA
621 2366 640 2394 5
665 2355 734 2395 me]
752 2356 831 2385 mihi
850 2356 967 2385 videor
983 2355 1080 2384 Klotz
1095 2354 1247 2384 Schmidt
1390 2356 1411 2384 6
1431 2357 1505 2394 post

175 2399 348 2437 accepisse
362 2399 436 2429 add.
454 2399 565 2437 putavi
585 2403 654 2429 velt.
747 2399 788 2429 28
806 2399 1028 2429 circumsedet
1044 2398 1176 2429 Baiter:
1201 2398 1377 2428 circumset
1392 2403 1423 2427 et
1442 2396 1502 2427 M:

175 2442 389 2473 circumsidet
405 2442 446 2472 M
460 2444 598 2484 εζηιαιξ.)
615 2442 700 2473 Boot

219 2506 282 2530 c1c.
302 2507 349 2528 Αι)
366 2507 438 2529 Art.
1374 2496 1416 2527 21
