1827 2798
196 156 266 194 IX.
290 155 351 192 vii
668 155 724 192 M.
757 153 926 192 TVLLI
957 152 1263 192 CICERONIS

262 763 279 790 1

255 1866 279 1893 2

352 267 400 304 In
433 264 596 315 Epirum
629 265 737 314 quod
773 277 836 302 me
875 277 956 301 non
988 262 1140 311 invitas,
1174 262 1360 302 comitem
1395 276 1476 301 non
1510 263 1630 301 mole-

297 338 411 377 stum,
446 328 676 367 subirascor.
736 329 814 366 Sed
848 329 944 365 vale.
1003 328 1109 366 Nam
1143 334 1186 366 ut
1217 327 1288 365 tibi
1326 328 1624 375 ambulandum,

299 395 540 444 ungendum,
578 393 632 431 sic
667 392 764 430 mihi
799 392 1090 432 dormiendum.
1169 391 1328 432 Etenim
1358 392 1508 431 litterae
1538 400 1628 431 tuae

296 459 394 497 mihi
415 472 600 498 somnum
620 460 845 497 attulerunt.

944 547 991 584 A.

569 626 637 659 Scr.
657 626 786 657 Romae
802 626 836 657 vi
850 630 909 657 cml
923 637 943 657 v
958 625 1008 657 Id.
1030 626 1132 659 Mart.
1153 637 1183 658 a.
1204 636 1259 666 705
1272 626 1356 668 (49).

502 691 685 723 BALBVS
710 691 767 722 ET
792 691 959 723 OPPIVS
985 691 1021 723 S.
1047 692 1088 724 D.
1117 691 1163 724 M.
1189 691 1428 723 CICERONI.

354 754 514 792 Nedum
545 752 753 791 hominurn
788 751 1010 801 humilium,
1044 760 1087 790 ut
1118 766 1190 791 nos
1225 766 1371 800 sumus,
1408 753 1478 791 sed
1512 751 1630 792 etiam

296 817 628 868 amplissimorum
649 817 820 855 Virorum
841 816 1005 855 consilia
1025 830 1072 855 ex
1092 824 1246 864 eventu,
1265 830 1346 855 non
1362 830 1409 855 ex
1428 818 1630 855 voluntate

296 896 320 921 a
350 882 547 933 plerisque
578 881 733 932 probari
769 883 907 920 solent.
966 883 1121 921 Tamen
1160 881 1246 921 freti
1284 889 1351 920 tua
1383 881 1628 920 humanitate

298 949 408 998 quod
445 947 691 987 verissimum
739 947 855 985 nobis
900 946 1097 986 videbitur
1139 948 1190 986 de
1228 960 1276 985 eo
1317 947 1426 997 quod
1465 947 1516 985 ad
1556 960 1629 985 nos

297 1012 484 1063 scripsisti
522 1012 593 1051 tibi
632 1011 839 1050 consilium
879 1011 1073 1050 dabimus.
1152 1012 1275 1060 Quod
1317 1011 1348 1050 si
1391 1025 1472 1050 non
1514 1010 1629 1051 fuerit

297 1080 484 1129 prudenS,
514 1085 554 1116 at
592 1084 696 1115 certe
734 1077 783 1115 ab
823 1076 973 1127 optima
1005 1077 1083 1115 fide
1118 1084 1156 1115 et
1187 1076 1339 1126 optimo
1377 1076 1511 1115 animo
1545 1089 1630 1127 pro-

298 1143 502 1182 ficiscetur.

351 1210 437 1247 Nos
468 1207 499 1246 si
528 1207 568 1245 id
599 1207 707 1257 quod
738 1214 872 1245 nostro
902 1205 1049 1245 iudicio
1071 1207 1280 1245 Caesarem
1301 1207 1428 1245 facere
1448 1214 1628 1255 oportere

297 1273 575 1319 existimamus,
599 1279 654 1319 ut,
676 1271 791 1309 simul
823 1273 993 1308 Romam
1022 1270 1184 1319 venerit,
1208 1278 1296 1321 agat
1325 1272 1376 1309 de
1405 1271 1629 1309 reconcilia-

297 1338 404 1377 tione
436 1336 581 1387 gratiae
615 1349 709 1374 suae
748 1343 786 1374 et
826 1335 1002 1385 Pompei,
1040 1335 1080 1374 id
1117 1349 1207 1373 eum
1244 1337 1436 1374 facturum
1467 1349 1513 1373 ex
1542 1335 1628 1386 ipso

296 1402 628 1452 cognovissemus,
652 1408 690 1438 te
710 1399 854 1438 hortari
876 1414 950 1437 non
971 1401 1223 1438 desineremus
1243 1408 1286 1438 ut
1306 1401 1424 1439 velles
1446 1400 1491 1438 iis
1512 1401 1627 1439 rebus

296 1467 496 1514 interesse,
517 1479 596 1515 quo
626 1464 776 1503 facilius
806 1472 844 1503 et
874 1464 1020 1503 maiore
1056 1478 1146 1503 cum
1183 1465 1373 1515 dignitate
1404 1479 1473 1516 per
1501 1473 1539 1504 te
1560 1465 1627 1515 qui

296 1533 449 1582 utrique
470 1544 510 1569 es
532 1530 766 1569 coniunctus
794 1544 853 1568 res
881 1538 963 1568 tota
992 1531 1194 1579 confieret,
1215 1538 1282 1569 aut
1306 1531 1337 1569 si
1366 1545 1413 1569 ex
1433 1531 1628 1570 contrario

296 1605 522 1648 putaremus
544 1596 754 1634 Caesarem
785 1595 825 1633 id
855 1609 935 1633 non
967 1597 1160 1634 facturum
1193 1603 1232 1634 et
1261 1595 1378 1634 etiam
1409 1597 1506 1635 velle
1537 1610 1627 1635 cum

299 1661 490 1712 Pompeio
522 1661 669 1699 bellum
701 1674 832 1710 gerere
865 1660 1063 1708 sciremus,
1102 1675 1319 1711 numquam
1351 1661 1421 1699 tibi
1451 1664 1629 1701 suadere-

299 1740 385 1764 mus
419 1734 555 1764 contra
587 1724 787 1763 hominem
817 1725 966 1776 optime
997 1727 1047 1764 de
1077 1733 1115 1764 te
1145 1726 1327 1764 meritum
1361 1739 1469 1764 arma
1498 1728 1625 1774 ferres,

299 1791 411 1830 sicuti
441 1799 479 1829 te
510 1804 664 1840 semper
697 1789 892 1828 oravimus
926 1804 976 1828 ne
1010 1797 1146 1829 contra
1180 1792 1388 1829 Caesarem
1421 1804 1625 1841 pugnares.

298 1857 377 1895 Sed
398 1869 488 1894 cum
510 1855 627 1893 etiam
648 1869 753 1893 nunc
775 1855 871 1905 quid
892 1857 1062 1893 facturus
1085 1856 1229 1894 Caesar
1249 1855 1297 1893 sit
1328 1855 1448 1905 magis
1476 1855 1626 1906 opinari

298 1935 417 1971 quam
451 1920 549 1959 scire
571 1922 774 1971 possimus,
810 1934 891 1958 non
926 1933 1136 1971 possumus
1168 1920 1242 1958 nisi
1276 1921 1363 1967 hoc,
1389 1934 1470 1958 non
1505 1920 1627 1959 videri

342 2037 358 2065 7
386 2036 420 2056 M.
436 2035 599 2056 CICERONI
613 2026 704 2066 vulg.
720 2038 727 2057 t
752 2025 800 2056 M.
816 2025 939 2056 Cicero
953 2035 1063 2055 meum
1084 2023 1139 2053 Ml
1245 2024 1265 2053 8
1291 2023 1421 2053 Nedum
1436 2023 1626 2064 Mmturg.)

296 2071 329 2100 ιἰι
347 2069 452 2099 Balbo
470 2069 687 2102 lolerandum,
709 2069 744 2108 cf
763 2069 937 2099 Hellmutlt
961 2072 968 2085 ‘
986 2068 1084 2098 Helm*
1104 2067 1154 2097 die
1176 2065 1320 2107 Spraclze
1342 2067 1397 2097 des
1414 2067 1555 2097 Balbus'
1570 2072 1624 2107 pp.

297 2123 380 2152 43-5
396 2125 402 2144 :
430 2123 540 2143 meum
554 2112 605 2142 Ml
624 2124 630 2143 :
658 2113 813 2142 nimirum
831 2112 941 2142 Hand
1008 2112 1066 2142 sed
1076 2111 1157 2150 sort.
1174 2110 1406 2141 secludendum
1532 2112 1570 2141 18
1595 2117 1628 2141 te

298 2157 426 2187 hortari
453 2167 521 2186 non
548 2156 781 2187 desineremus
807 2155 966 2195 Madz.·1g:
993 2160 1025 2185 te
1043 2154 1170 2185 hortari
1194 2154 1426 2184 desineremus
1450 2153 1630 2184 Assensius

299 2201 386 2231 Crat.
419 2200 537 2231 Lamb.
565 2201 624 2239 qui
644 2205 746 2239 supra
766 2200 799 2237 (l.
830 2210 883 2238 15¹
902 2199 986 2229 dant
1009 2209 1072 2229 nos
1095 2198 1183 2228 nisi:
1208 2208 1273 2228 om.
1302 2208 1370 2228 non
1393 2198 1628 2227 desineremus

300 2244 358 2274 M:
392 2248 463 2273 ante
482 2249 514 2274 te
532 2243 607 2273 add.
628 2244 829 2273 deberemus
849 2241 1025 2272 Lehmann
1197 2251 1234 2271 21
1263 2241 1362 2271 etiam
1380 2240 1443 2270 ER
1458 2252 1465 2271 :
1498 2245 1532 2271 te
1549 2240 1603 2270 M1
1619 2251 1626 2271 t

298 2298 373 2317 eum
393 2286 467 2316 Mss:
503 2286 559 2318 del.
584 2287 684 2317 Orelli
856 2296 896 2324 23
922 2284 1055 2327 contra]
1081 2289 1117 2316 ut
1142 2288 1259 2315 contra
1281 2283 1311 2314 L
1337 2284 1454 2324 (mmg
1466 2285 1490 2320 ὅ,
1517 2283 1625 2322 sedcf,

298 2330 472 2360 Hellmtttlz
488 2336 520 2369 p.
541 2339 580 2368 47
746 2330 834 2360 ferre
858 2330 973 2359 Baiter
1155 2330 1198 2358 26
1223 2328 1389 2367 possimus
1413 2326 1487 2357 add.
1506 2327 1625 2356 Ascen-

296 2375 366 2404 sz'ns
380 2385 386 2403 :
404 2374 579 2412 possimus,
595 2373 745 2403 scribere
763 2373 838 2404 add.
858 2372 1056 2413 lVesenbmg,
1072 2371 1130 2402 sed
1142 2372 1177 2411 qfi
1191 2371 1258 2404 xiii.
1274 2380 1326 2403 21.
1338 2381 1358 2402 2
1374 2374 1403 2402 et
1417 2370 1627 2401 Hcidemann

300 2416 368 2448 ‘De
384 2417 552 2448 verborum
568 2417 688 2458 ellipsis
705 2427 765 2447 usu
778 2416 785 2428 '
797 2422 831 2458 j).
846 2417 888 2446 68

1651 899 1689 921 10

1650 1219 1687 1251 15

1649 1544 1688 1566 20

1648 1871 1685 1903 25
