1827 2798
201 152 319 191 XIII.
339 155 448 192 xxvi
713 155 769 191 M.
802 153 970 190 TVLLI
1002 152 1310 192 CICERONIS

303 539 328 566 2

307 1707 323 1734 1

350 279 400 304 ne
421 266 575 304 turbem
597 272 634 303 et
656 263 808 302 ini-uam
829 264 869 302 in
888 266 1072 303 Drusum.
1134 266 1407 316 Intemperans
1429 280 1514 305 sum
1537 266 1576 305 in
1597 266 1680 305 eius

350 330 403 368 rei
434 329 650 380 cupiditate
682 343 801 379 quam
834 329 947 367 nosti.
1009 331 1149 379 Itaque
1184 332 1359 368 revolvor
1392 330 1608 370 identidem
1641 331 1680 369 in

348 396 631 433 Tusculanum.
677 394 845 443 Quidvis
867 394 970 432 enim
993 394 1123 445 potius
1140 408 1259 445 quam
1276 402 1317 434 ut
1338 410 1419 434 non
1440 397 1513 434 hac
1534 404 1681 435 aestate

347 460 581 497 absolvatur.

403 526 503 574 Ego,
528 532 570 562 ut
602 532 758 575 tempus
790 532 848 563 est
880 531 1072 573 nostrum,
1100 526 1233 563 locum
1265 526 1394 564 habeo
1428 528 1579 565 nullum
1611 526 1679 565 ubi
1699 538 1716 570 5

346 589 496 628 facilius
527 603 612 628 esse
642 589 790 640 possim
818 604 937 640 quam
963 593 1140 628 Asturae.
1201 592 1278 630 Sed
1306 591 1398 641 quia
1425 591 1491 642 qui
1522 605 1678 630 mecum

346 662 450 702 sunt,
480 655 610 701 credo,
643 655 752 704 quod
792 655 1026 693 maestitiam
1062 669 1190 693 meam
1226 669 1307 693 non
1342 657 1480 703 ferunt,
1513 658 1679 695 domurn

346 727 566 769 properant,
599 719 671 758 etsi
706 727 883 769 poteram
923 733 1134 766 remanere,
1168 728 1311 768 tamen,
1344 729 1385 758 ut
1425 721 1560 771 scripsi
1594 721 1678 769 tibi,

345 783 682 834 proficiscar-hinc
703 797 753 821 ne
780 783 935 822 relictus
957 783 1100 822 videar.
1160 786 1253 833 Quo
1280 787 1442 823 autem?
1500 785 1678 824 Lanuvio

345 862 467 887 conor
496 848 683 898 equidem
711 848 750 886 in
772 850 1054 886 Tusculanum.
1115 850 1193 887 Sed
1221 849 1361 886 faciam
1387 857 1424 887 te
1448 849 1579 887 statim
1601 863 1677 887 cer·
1699 863 1737 885 10

346 912 494 952 tiorem.
555 915 617 951 Tu
639 913 784 951 litteras
811 913 1007 952 conficies.
1071 913 1268 964 Equidem
1297 913 1484 952 credibile
1511 927 1592 952 non
1619 922 1676 952 est

345 986 537 1028 quantum
567 978 746 1025 scribam,
771 978 867 1028 quin
896 979 1014 1016 etiam
1044 979 1253 1026 noctibus3
1283 978 1380 1016 nihil
1408 978 1513 1016 enim
1534 979 1673 1016 somni.

346 1043 445 1081 Heri
472 1043 590 1081 etiam
618 1043 729 1082 effeci
757 1043 964 1093 epistulam
991 1045 1042 1082 ad
1064 1045 1298 1089 Caesarem;
1330 1043 1400 1081 tibi
1422 1043 1527 1081 enim
1552 1044 1677 1092 place-

346 1109 420 1146 bat.
483 1109 613 1157 Quam
645 1122 725 1146 non
755 1108 827 1146 fuit
858 1111 1003 1146 malum
1034 1109 1160 1155 scribi,
1185 1108 1216 1147 si
1246 1110 1344 1147 forte
1370 1122 1468 1158 opus
1498 1121 1582 1146 esse
1608 1121 1676 1157 pu—

344 1180 469 1220 tares3
499 1180 541 1211 ut
568 1172 730 1222 quidem
761 1187 866 1211 nunc
894 1181 962 1220 est,
986 1173 1083 1211 nihil
1111 1187 1205 1211 sane
1232 1181 1289 1212 est
1320 1187 1481 1211 necesse
1508 1172 1671 1211 mittere.
1697 1186 1733 1216 15

343 1239 421 1276 Sed
456 1238 497 1276 id
529 1237 702 1288 quidem,
738 1246 779 1276 ut
814 1238 884 1276 tibi
916 1238 1121 1277 videbitur.
1196 1238 1355 1276 Mittam
1390 1246 1522 1276 tamen
1557 1239 1607 1275 ad
1637 1246 1674 1275 te

343 1304 567 1353 exemplum
598 1304 760 1342 fortasse
792 1304 980 1349 Lanuvio,
1008 1304 1082 1342 nisi
1112 1306 1210 1343 forte
1239 1306 1422 1342 Romam.
1483 1304 1561 1343 Sed
1591 1316 1674 1341 cras

343 1380 452 1405 scies.

384 1513 564 1550 XXVII
609 1517 678 1550 Scr.
696 1519 729 1549 in
754 1518 941 1550 Tusculano
957 1520 1012 1550 viii
1026 1519 1067 1551 K.
1088 1519 1165 1550 Iun.
1185 1530 1215 1551 a.
1238 1530 1296 1561 709
1315 1519 1394 1562 (45).

751 1607 923 1638 CICERO
946 1608 1129 1638 ATTICO
1150 1607 1255 1640 SAL.
1694 1619 1733 1642 20

398 1698 459 1734 De
489 1695 656 1746 epistula
685 1698 735 1735 ad
764 1698 973 1736 Caesarem
1003 1697 1118 1736 nobis
1147 1711 1239 1736 vero
1273 1711 1427 1748 semper
1459 1696 1672 1736 rectissime

340 1761 487 1811 placuit
515 1769 556 1799 ut
584 1761 645 1799 isti
675 1769 767 1800 ante
797 1763 979 1811 legerent.
1042 1762 1166 1801 Aliter
1195 1763 1301 1801 enim
1332 1763 1540 1801 fuissemus
1568 1770 1605 1800 et
1633 1762 1672 1800 in

341 1827 412 1865 hos
433 1826 639 1864 inofficiosi
661 1834 698 1864 et
719 1826 759 1864 in
784 1836 939 1865 nosmet
967 1827 1083 1877 ipsos,
1108 1827 1138 1865 si
1166 1827 1276 1865 illum
1301 1827 1486 1866 offensuri
1514 1827 1670 1874 fuimus,

340 1904 464 1940 paene
503 1890 722 1941 periculosi.
796 1892 865 1930 Isti
900 1901 1032 1931 autem
1068 1893 1264 1942 ingenue;
1309 1892 1485 1942 mihique
1518 1900 1671 1942 gratum

338 1957 447 2005 quod
472 1956 568 2006 quid
599 1956 787 1995 sentirent
818 1971 899 1995 non
929 1957 1182 2005 reticuerunt,
1202 1957 1299 1995 illud
1320 1971 1411 1995 vero
1436 1959 1496 1995 vel
1521 1956 1669 2007 optime
1691 1971 1729 2003 25

338 2022 447 2071 quod
467 2021 520 2058 ita
547 2023 669 2059 multa
695 2022 834 2060 mutari
858 2024 993 2061 volunt
1021 2030 1063 2060 ut
1091 2022 1187 2060 mihi
1215 2024 1264 2060 de
1294 2022 1445 2072 integro
1473 2022 1670 2060 scribendi

337 2099 455 2123 causa
475 2099 555 2123 non
577 2086 636 2124 sit.
698 2088 953 2137 Quamquam
974 2088 1024 2125 de
1046 2086 1230 2125 Parthico
1251 2087 1356 2125 bello
1377 2087 1474 2136 quid
1495 2094 1671 2137 spectare

337 2150 457 2188 debui
484 2150 557 2189 nisi
588 2153 697 2201 quod
724 2151 834 2189 illum
856 2154 954 2190 velle
981 2152 1224 2190 arbitrabar?
1282 2153 1402 2201 Quod
1430 2152 1535 2190 enim
1562 2151 1670 2190 aliud

335 2224 609 2264 argumentum
632 2216 822 2266 epistulae
843 2225 999 2256 nostrae
1020 2217 1093 2255 nisi
1115 2218 1290 2256 κολακεία
1313 2217 1414 2255 fuit?
1470 2219 1545 2263 An,
1569 2216 1599 2254 si
1624 2230 1670 2254 ea

335 2293 436 2330 quae
458 2281 608 2331 optima
628 2289 807 2332 putarem
833 2284 997 2321 suadere
1018 2282 1245 2331 voluissem,
1265 2282 1389 2321 oratio
1411 2282 1506 2320 mihi
1527 2281 1668 2320 defuis-
1689 2294 1729 2325 30

378 2394 400 2422 9
426 2383 635 2414 Lanuvium?
659 2384 774 2414 codices
792 2385 873 2415 Bosi
962 2397 999 2416 12
1024 2387 1104 2425 quin
1119 2385 1175 2418 M:
1201 2386 1256 2425 qui
1273 2385 1482 2425 lVesenberg:
1507 2386 1569 2418 die.
1585 2386 1665 2424 quin

336 2431 405 2459 vell.
534 2438 571 2457 21
602 2427 652 2457 De
669 2428 814 2468 epistula
835 2430 864 2459 O
883 2429 968 2460 Crat.
990 2441 1018 2460 v.
1035 2440 1056 2460 c.
1076 2429 1105 2459 L
1124 2430 1264 2472 gnaatg.)
1281 2423 1344 2460 Zb:
1372 2428 1557 2467 Epistulam
1572 2428 1666 2460 RPA
