1827 2798
203 128 274 166 XI.
298 127 360 165 vii
681 131 736 167 M.
771 130 940 167 TVLLI
974 129 1282 168 CICERONIS

313 239 420 291 prius
450 239 559 278 illum
589 239 757 278 viderint
784 254 847 278 me
876 241 983 290 apud
1013 254 1104 279 eum
1133 241 1254 280 velint
1282 242 1460 281 adiutum
1490 250 1643 282 tanturn

314 312 506 354 quantum
529 317 602 353 ego
623 303 709 341 illos
731 306 871 342 vellem
894 304 925 342 si
947 304 1042 354 quid
1063 319 1220 355 possem
1242 310 1247 344 !

268 373 292 408 8
370 369 490 417 Quod
521 382 633 418 rogas
661 376 702 406 ut
727 368 766 405 in
790 369 937 406 bonam
965 377 1115 418 partem
1144 370 1335 420 accipiam
1358 372 1388 410 si
1409 387 1486 423 qua
1506 373 1583 412 sint
1605 374 1644 411 in

313 433 390 471 tuis
412 433 546 471 litteris
568 447 668 483 quae
697 447 758 471 me
787 435 1004 481 mordeant,
1028 448 1101 484 ego
1121 448 1213 473 vero
1241 435 1280 473 in
1308 436 1498 486 optimam
1527 446 1644 488 teque

312 510 408 547 rogo
429 505 470 535 ut
490 506 634 548 aperte,
658 511 776 548 quem
797 500 849 536 ad
870 500 1034 537 modum
1060 499 1169 547 facis,
1189 499 1334 538 scribas
1354 503 1405 539 ad
1427 516 1489 541 me
1511 502 1644 540 omnia
1665 536 1672 543 .

312 561 434 612 idque
454 562 572 601 facias
594 576 712 613 quam
734 562 972 613 saepissime.
1032 565 1142 602 Vale.
1201 576 1297 602 xlm
1322 567 1371 603 K.
1396 567 1479 604 Ian.

354 724 472 760 VIII
619 727 689 760 δαν.
710 727 875 759 Bmmdisz'
888 729 949 759 xiii
960 729 1003 760 K.
1025 729 1098 760 Ian.
1120 740 1149 762 a.
1172 731 1232 770 706
1252 731 1338 771 (48).

727 817 902 847 CICERO
928 817 1103 848 ATTICO
1129 818 1227 849 SAL.

275 914 293 941 1
368 899 537 949 Quantis
577 900 678 939 curis
714 899 899 938 conficiar
938 899 1010 938 etsi
1044 902 1221 950 profecto
1253 901 1373 949 vides,
1411 909 1543 942 tamen
1582 917 1643 943 co-

311 978 478 1014 gnosces
512 979 559 1003 ex
594 967 719 1014 Lepta
753 973 791 1003 et
825 965 1024 1003 Trebatio.
1097 966 1292 1004 Maximas
1326 980 1474 1017 poenas
1509 970 1643 1019 pendo

311 1029 538 1068 temeritatis
570 1044 680 1068 meae
711 1043 829 1080 quam
858 1038 898 1068 tu
924 1030 1173 1080 prudentiam
1201 1031 1296 1069 mihi
1324 1032 1445 1071 videri
1467 1033 1551 1081 vis3
1580 1048 1643 1072 ne-

311 1107 388 1144 que
416 1102 454 1133 te
481 1096 658 1133 deterreo
691 1108 770 1145 quo
804 1094 932 1132 minus
966 1095 1005 1133 id
1038 1095 1214 1145 disputes
1245 1097 1471 1148 scribasque
1501 1100 1552 1137 ad
1581 1112 1643 1137 me

311 1174 429 1211 quam
456 1161 693 1211 saepissime.
755 1163 847 1199 Non
879 1161 976 1199 nihil
1004 1162 1109 1200 enim
1138 1176 1201 1200 me
1228 1164 1359 1201 levant
1381 1171 1469 1201 tuae
1493 1163 1642 1202 litterae

311 1227 388 1264 hoc
418 1234 606 1276 ternpore.
667 1229 740 1264 Per
767 1240 834 1265 eos
863 1226 930 1276 qui
961 1234 1094 1265 nostra
1122 1241 1241 1265 causa
1267 1229 1404 1266 volunt
1431 1230 1642 1278 valentque

310 1292 416 1340 apud
446 1291 555 1328 illum
585 1291 882 1341 diligentissime
914 1293 1132 1330 contendas
1160 1306 1259 1342 opus
1284 1300 1352 1339 est,
1376 1307 1444 1343 per
1472 1295 1640 1332 Balbum
1684 1334 1692 1341 ,

310 1362 349 1392 et
370 1355 545 1405 Oppium
576 1355 755 1402 maxime,
778 1363 819 1393 ut
840 1357 890 1393 de
912 1369 974 1394 me
995 1355 1166 1394 scribant
1187 1370 1306 1406 quam
1327 1357 1635 1407 diligentissime.

310 1420 598 1470 Oppugnamur
627 1420 744 1467 enim,
767 1428 809 1458 ut
833 1420 962 1468 audio,
986 1428 1024 1459 et
1050 1435 1073 1459 a
1099 1422 1370 1471 praesentibus
1401 1423 1638 1473 quibusdam

310 1492 348 1523 et
375 1498 443 1534 per
471 1485 626 1523 litteras.
686 1485 740 1523 Iis
771 1485 823 1523 ita
854 1493 911 1524 est
943 1488 1230 1525 occurrendum
1259 1495 1301 1525 ut
1328 1487 1382 1526 rei
1410 1488 1642 1538 magnitudo

267 1551 492 1599 2postulat.
563 1551 697 1588 Fufius
735 1557 793 1588 est
832 1549 920 1597 illic,
962 1550 1058 1588 mihi
1098 1551 1400 1591 inimicissimus.
1467 1553 1640 1602 Quintus

311 1614 415 1652 misit
437 1614 560 1652 filium
591 1628 670 1652 non
699 1616 826 1652 solum
848 1614 907 1652 sui
931 1616 1227 1665 deprecatorem
1256 1619 1325 1656 sed
1347 1617 1464 1656 etiam
1485 1632 1640 1657 accusa-

311 1686 434 1718 torem
468 1680 555 1718 mei.
617 1679 780 1718 Dictitat
812 1693 853 1718 se
883 1694 907 1718 a
938 1694 1000 1719 me
1032 1683 1139 1731 apud
1169 1684 1378 1721 Caesarem
1410 1683 1638 1733 oppugnari,

311 1746 420 1794 quod
460 1744 597 1782 refellit
630 1746 774 1783 Caesar
805 1745 889 1795 ipse
928 1759 1146 1795 omnesque
1181 1746 1263 1785 eius
1295 1748 1421 1785 amici.
1500 1750 1642 1798 Neque

310 1822 402 1847 vero
432 1809 594 1855 desistit,
624 1809 865 1860 ubicumque
895 1818 962 1857 est,
987 1811 1121 1849 omnia
1151 1811 1189 1849 in
1221 1826 1283 1850 me
1314 1813 1523 1851 maledicta
1552 1826 1641 1851 con-

310 1875 418 1912 ferre.
479 1874 587 1912 Nihil
608 1874 704 1912 mihi
726 1888 914 1924 umquam
943 1883 1022 1913 tam
1050 1875 1279 1915 incredibile
1299 1877 1453 1924 accidit,
1478 1878 1574 1915 nihil
1601 1878 1640 1915 in

311 1938 371 1977 his
406 1938 516 1977 malis
552 1946 631 1976 tarn
662 1940 860 1978 acerbum.
922 1940 1001 1988 Qui
1033 1954 1079 1978 ex
1114 1940 1199 1990 ipso
1230 1942 1432 1980 audissent
1464 1956 1554 1980 curn
1588 1942 1641 1981 Si·
1683 1977 1691 1985 ,

310 2018 436 2054 cyone
457 2006 586 2054 palam
608 2005 740 2043 multis
761 2005 1013 2044 audientibus
1030 2007 1254 2056 loqueretur
1271 2007 1416 2045 nefaria
1432 2009 1639 2058 quaedam,

311 2070 361 2107 ad
383 2083 445 2107 me
466 2071 718 2118 pertulerunt.
771 2070 885 2107 Nosti
907 2084 1041 2120 genus,
1065 2070 1181 2108 etiam
1204 2080 1383 2122 expertus
1405 2086 1445 2110 es
1466 2074 1639 2111 fortasse.

313 2136 361 2172 In
383 2147 446 2172 me
467 2133 506 2172 id
528 2140 586 2172 est
607 2148 725 2172 omne
746 2148 990 2172 conversum.
1050 2136 1128 2173 Sed
1145 2149 1270 2185 augeo
1291 2139 1642 2176 commemorando

313 2200 491 2237 dolorem
513 2206 550 2237 et
571 2199 672 2237 facio
693 2199 811 2237 etiam
834 2199 914 2238 tibi.
976 2202 1066 2249 Qua
1090 2214 1129 2238 re
1152 2202 1203 2239 ad
1225 2200 1320 2239 illud
1348 2203 1477 2240 redeo.
1539 2203 1642 2241 Cura

360 2312 373 2332 1
401 2302 545 2332 viderint
560 2301 726 2331 Corradus
742 2314 748 2332 :
771 2303 930 2332 viderunt
947 2301 1008 2332 M:
1033 2303 1135 2334 vider.
1151 2313 1204 2334 me
1221 2303 1279 2335 W:
1304 2304 1468 2335 videbunt
1484 2304 1642 2335 Graevius

313 2348 334 2376 6
358 2356 421 2375 xm
444 2345 489 2375 W
615 2356 635 2383 9
660 2346 820 2376 conficiar
845 2346 935 2376 CW:
970 2347 1097 2376 afficiar
1119 2351 1173 2377 ΣΔ
1310 2349 1347 2377 18
1371 2358 1432 2387 per
1449 2359 1512 2379 om.
1538 2348 1639 2378 WM¹

314 2394 366 2419 est
389 2388 433 2417 W
444 2389 551 2419 Crem:
576 2399 640 2418 om.
662 2392 715 2419 ΣΔ
833 2399 872 2429 19
898 2388 1010 2419 Fufius
1028 2389 1123 2421 Man.
1141 2402 1147 2421 x
1173 2390 1321 2421 Furnius
1342 2391 1484 2422 Wcodd.
1599 2392 1641 2422 28

314 2433 355 2464 In
373 2443 390 2462 s
406 2443 412 2463 :
440 2432 471 2462 id
489 2432 577 2462 ceteri
591 2431 677 2461 codd.
