1827 2798
82 962 121 986 10

81 1665 120 1687 20

78 2309 119 2340 30

546 178 658 217 ΕΡΡ.
692 181 770 217 ΑΙ)
800 179 1061 219 ATTICVM
1350 181 1470 219 XIII.
1493 181 1587 218 xliv

138 288 328 338 quiddam
359 288 476 327 etiam
496 289 673 328 animum
703 290 820 328 levari
846 304 937 329 cum
967 291 1209 341 spectatione
1236 299 1319 330 tum
1346 291 1463 330 etiam

138 353 332 403 religionis
372 353 559 403 opinione
602 363 639 392 et
679 356 791 393 sama.
865 356 1023 394 Cottam
1063 356 1116 394 mi
1154 357 1270 394 velim
1310 356 1465 405 mittas,
1484 363 1508 400 3

139 417 333 456 Libonem
355 432 511 456 mecum
534 419 663 457 habeo
683 427 721 457 et
742 420 955 457 habueram
976 429 1067 458 ante
1089 422 1266 460 Cascam.
1323 424 1466 460 Brutus

139 481 234 519 mihi
255 484 300 520 T.
320 482 448 533 Ligari
469 483 597 521 verbis
618 483 822 529 nuntiavit,
841 486 949 533 quod
969 487 1185 534 appelletur
1206 488 1249 524 L.
1268 487 1466 525 Corfidius

138 547 178 584 in
202 547 378 586 oratione
409 547 626 598 Ligariana,
650 556 817 586 erratum
843 562 928 586 esse
958 562 1101 587 meum.
1161 552 1250 596 Sed,
1274 557 1316 588 ut
1344 550 1464 597 aiunt,

137 614 362 662 μνημονικὸν
396 615 604 663 ἁμάρτημα.
664 613 844 651 Sciebam
882 614 1102 652 Corfidium
1133 615 1465 664 pernecessarium

139 677 407 728 Ligariorum,
434 679 505 716 sed
521 692 611 716 eum
633 677 749 716 video
769 685 860 715 ante
881 691 965 716 esse
986 686 1195 717 mortuum.
1257 681 1319 717 Da
1340 679 1463 729 igitur,

139 756 297 793 quaeso,
322 743 522 793 negotium
549 742 753 790 Pharnaci,
776 745 942 790 Antaeo,
966 743 1096 782 Salvio
1117 751 1160 782 ut
1186 744 1226 783 id
1246 758 1393 783 nomen
1421 758 1467 783 ex

139 807 323 846 omnibus
344 807 451 846 libris
473 809 639 846 tollatur.

183 953 305 988 XLV
409 955 478 989 Scr.
499 957 532 988 in
555 955 740 987 Tusculano
755 956 792 988 iii
805 955 853 988 Id.
874 955 960 988 Sext.
980 967 1010 987 a.
1032 966 1090 998 709
1110 958 1188 997 (45).

551 1044 724 1075 CICERO
745 1043 925 1074 ATTICO
949 1043 1053 1075 SAL.

194 1133 282 1171 Fuit
302 1135 408 1184 apud
433 1146 496 1171 me
523 1132 659 1170 Lamia
686 1140 774 1181 post
801 1131 1018 1169 discessum
1039 1140 1150 1170 tuum
1179 1132 1466 1182 epistulamque
1486 1143 1502 1170 1

138 1200 188 1237 ad
222 1212 286 1237 me
319 1198 447 1236 attulit
481 1196 639 1234 missam
675 1195 748 1234 sibi
779 1209 802 1234 a
833 1197 1011 1235 Caesare.
1072 1197 1186 1245 Quae
1225 1210 1465 1246 quamquam

137 1271 228 1301 ante
249 1264 340 1301 data
360 1270 439 1300 erat
460 1275 579 1311 quarn
600 1261 688 1299 illae
710 1260 987 1309 Diocharinae,
1008 1269 1140 1299 tamen
1162 1264 1277 1311 plane
1299 1263 1467 1300 declara-

103 1328 204 1372 :bat
236 1327 344 1364 illum
383 1334 473 1364 ante
511 1327 626 1364 ludos
666 1327 870 1364 Romanos
909 1339 993 1364 esse
1027 1334 1247 1364 venturum.
1306 1328 1355 1364 In
1390 1340 1467 1376 qua

138 1400 309 1430 extrema
329 1391 516 1441 scriptum
537 1397 617 1429 erat
638 1397 679 1427 ut
700 1391 750 1428 ad
771 1391 885 1428 ludos
913 1389 1047 1427 onmia
1066 1398 1217 1440 pararet
1243 1404 1342 1428 neve
1363 1404 1466 1428 com-

138 1456 307 1495 mitteret
327 1464 369 1494 ut
390 1457 528 1493 frustra
552 1455 634 1504 ipse
664 1462 920 1504 properasset.
980 1456 1142 1493 Prorsus
1170 1469 1215 1493 ex
1243 1455 1302 1493 his
1329 1455 1464 1494 litteris

137 1535 218 1559 non
244 1521 449 1559 videbatur
478 1533 563 1558 esse
593 1519 759 1557 dubium
787 1518 883 1568 quin
911 1527 1002 1557 ante
1032 1533 1118 1557 eam
1146 1519 1251 1557 diem
1279 1527 1464 1557 venturus

137 1594 249 1633 esset,
286 1585 460 1634 itemque
499 1584 626 1622 Balbo
665 1597 755 1622 cum
789 1597 876 1621 eam
911 1584 1119 1634 epistulam
1157 1584 1312 1634 legisset
1343 1585 1463 1623 videri

138 1650 275 1688 Lamia
304 1650 470 1688 dicebat.

192 1716 288 1754 Dies
317 1715 498 1753 feriarum
525 1713 621 1751 mihi
645 1713 801 1752 additos
825 1713 942 1751 video
972 1715 1040 1751 sed
1072 1727 1189 1763 quam
1218 1716 1362 1753 multos
1389 1716 1460 1762 fac,

137 1781 252 1820 sime
280 1794 400 1828 amas,
422 1780 554 1819 sciam.
616 1780 678 1817 De
706 1778 855 1817 Baebio
882 1779 1026 1829 poteris
1055 1787 1092 1817 et
1113 1781 1163 1817 de
1190 1781 1312 1818 altero
1332 1780 1463 1818 vicino

138 1846 316 1896 Egnatio.

190 1912 312 1960 Quod
333 1924 396 1949 me
425 1909 589 1948 hortaris
610 1917 652 1947 ut
679 1922 746 1946 eos
768 1908 851 1946 dies
882 1921 1115 1946 consumam
1142 1908 1182 1946 in
1211 1909 1462 1959 philosophia
1481 1918 1504 1944 2

101 1990 116 2020 5
137 1975 377 2024 explicanda,
393 1982 613 2012 currentem
633 1981 675 2011 tu
697 1973 858 2022 quidem
875 1987 884 2019 3
911 1974 980 2010 sed
997 1987 1087 2010 cum
1110 1974 1318 2011 Dolabella
1334 1974 1462 2012 viven-

137 2041 233 2077 dum
257 2053 340 2078 esse
361 2039 442 2076 istis
467 2038 606 2076 diebus
626 2037 746 2075 vides.
807 2038 928 2084 Quod
949 2037 1023 2074 nisi
1051 2051 1113 2075 me
1134 2037 1323 2086 Torquati
1345 2051 1461 2075 causa

137 2111 296 2150 teneret,
313 2103 403 2141 satis
419 2110 500 2140 erat
520 2102 671 2140 dierum
689 2109 730 2138 ut
748 2103 933 2138 Puteolos
950 2114 1149 2139 excurrere
1173 2115 1330 2150 possem
1352 2109 1389 2139 et
1410 2104 1459 2140 ad

136 2177 291 2219 tempus
311 2169 446 2207 redire.
507 2167 643 2205 Lamia
669 2167 830 2216 quidem
851 2179 874 2203 a
895 2167 1030 2213 Balbo,
1054 2175 1096 2204 ut
1116 2166 1333 2214 videbatur,
1354 2167 1459 2205 audi·
1479 2176 1503 2213 3

137 2242 242 2272 verat
262 2235 405 2272 multos
430 2246 614 2270 nummos
645 2231 752 2270 domi
774 2244 857 2269 esse
884 2238 1109 2269 numeratos
1137 2245 1235 2281 quos
1266 2239 1460 2281 oporteret

138 2312 256 2349 quam
282 2297 452 2348 primum
479 2296 614 2344 dividi,
639 2309 824 2346 magnum
853 2297 1008 2345 pondus
1035 2296 1207 2346 argenti3
1237 2296 1459 2335 auctionem

183 2412 221 2441 19
246 2402 401 2439 idemque
425 2399 499 2430 Vict.
646 2410 686 2429 22
713 2399 819 2429 Bebio
839 2398 935 2429 ORP
949 2398 1030 2429 Ant.
1052 2399 1103 2429 F:
1129 2399 1226 2430 babio
1245 2404 1272 2429 Δ
1419 2408 1462 2438 3ο

137 2445 266 2484 argenti
284 2449 421 2485 praeter
437 2444 594 2484 praedia:
634 2443 825 2473 auctionem
843 2443 951 2482 primo
968 2441 1159 2484 Malaspz'na

1313 2496 1376 2528 31*
