1827 2798
96 897 136 920 10

98 1610 137 1631 20

559 123 670 160 EPP.
703 123 780 159 AD
808 120 1067 159 ATTICVM
1405 119 1490 154 XV.
1509 117 1555 153 iv

153 245 287 270 verum
308 232 368 271 sit.
418 234 557 272 Cetera
579 247 721 280 coram,
738 241 775 272 et
793 233 959 271 maxime
975 232 1070 283 quid
1090 230 1230 269 nostris
1251 229 1473 268 faciendum

153 297 212 343 sit,
239 296 334 346 quid
361 297 478 335 etiam
509 299 635 344 nobis,
663 299 693 336 si
715 299 912 336 Antonius
943 297 1129 335 militibus
1159 298 1387 334 obsessurus
1418 303 1475 332 est

153 370 343 399 senatum.
414 364 533 400 Hanc
576 363 783 411 epistulam
823 363 853 400 si
886 363 985 400 illius
1026 361 1226 400 tabellario
1265 360 1474 405 dedissem,

154 425 296 464 veritus
326 439 413 464 sum
444 440 493 464 ne
522 429 699 465 solveret.
762 429 901 476 Itaque
931 427 1017 465 misi
1046 426 1189 465 dedita.
1249 427 1342 464 Erat
1371 424 1476 463 enim

155 490 448 529 rescribendum
473 491 560 529 tuis.

195 597 294 632 IVa
440 600 509 632 Ser.
530 602 563 631 in
586 601 769 632 Tusculano
785 603 820 632 vi
832 601 873 633 K.
893 602 967 633 Iun.
989 613 1018 633 cc.
1042 612 1099 641 710
1116 601 1204 643 (44).

561 678 730 709 CICERO
760 678 940 709 ATTICO
968 678 1072 709 SAL.

208 751 339 798 Quam
378 751 517 788 vellem
560 752 681 787 Bruto
721 750 893 787 studium
933 758 1043 787 tuum
1083 763 1223 787 navare
1261 746 1552 799 potuisses!(5)

156 817 239 865 Ego
269 814 383 864 igitur
409 816 459 852 ad
487 828 577 852 eum
605 814 762 851 litteras.
820 815 883 852 Ad
912 815 1158 852 Dolabellam
1179 814 1365 851 Tironem
1393 813 1478 850 misi

155 894 244 919 cum
275 880 470 918 mandatis
503 888 540 918 et
570 880 718 917 litteris.
778 882 879 917 Eum
911 881 961 917 ad
996 887 1033 918 te
1065 879 1223 917 vocabis
1255 887 1292 917 et
1324 879 1354 916 si
1384 878 1479 927 quid

154 946 319 983 babebis
354 947 461 995 quod
501 947 653 995 placeat
692 944 847 982 scribes.
914 947 1018 983 Ecce
1057 952 1187 982 autem
1222 945 1272 982 de
1310 952 1479 981 traverso

156 1013 197 1048 L.
218 1012 362 1049 Caesar
381 1018 424 1048 ut
444 1010 599 1048 veniam
623 1011 674 1048 ad
699 1024 740 1047 se
764 1018 871 1059 rogat
892 1009 931 1046 in
954 1011 1105 1047 Nemus
1125 1017 1191 1046 aut
1212 1008 1377 1046 scribam
1399 1020 1479 1056 quo

154 1090 194 1114 se
226 1076 357 1113 venire
387 1075 502 1113 velim
519 1090 529 1123 5
568 1077 690 1112 Bruto
722 1074 826 1112 enim
861 1076 1014 1123 placere
1049 1087 1089 1112 se
1122 1088 1145 1112 a
1174 1087 1236 1111 me
1267 1071 1476 1110 conveniri.

155 1141 191 1179 O
212 1154 293 1178 rem
314 1140 493 1178 odiosam
515 1148 552 1177 et
573 1138 888 1188 inexplicabilem
906 1141 912 1176 1
955 1140 1056 1176 Puto
1084 1152 1146 1175 me
1167 1150 1257 1186 ergo
1278 1137 1420 1174 iturum
1442 1144 1479 1173 et

118 1219 132 1250 ;
155 1205 246 1242 inde
268 1207 451 1251 Romam,
474 1204 548 1242 nisi
575 1204 671 1254 quid
700 1212 865 1242 mutaro.
924 1202 1159 1241 Summatim
1186 1203 1317 1239 adhuc
1343 1202 1394 1239 ad
1418 1207 1480 1246 te3

156 1269 349 1306 nihildum
377 1269 482 1306 enim
503 1283 526 1306 a
548 1270 684 1306 Balbo.
744 1271 851 1307 Tuas
872 1268 986 1318 igitur
1006 1274 1190 1318 exspecto
1211 1279 1283 1305 nec
1303 1273 1479 1304 actorum

155 1335 282 1371 solum
302 1335 372 1372 sed
393 1334 510 1372 etiam
531 1335 760 1371 futurorum.

198 1442 238 1476 V
446 1444 515 1477 Scr.
532 1446 565 1476 1⁴12
589 1446 773 1476 Tusculano
790 1457 809 1476 v
821 1446 863 1477 K.
883 1446 959 1477 Ilm.
979 1457 1010 1477 a.
1035 1456 1092 1485 710
1110 1445 1196 1487 (44).

561 1523 733 1554 CICERO
763 1523 944 1554 ATTICO
974 1523 1079 1554 SAL.

209 1597 246 1634 A
275 1597 398 1634 Bruto
436 1595 659 1634 tabellarius
695 1595 832 1643 rediit3
871 1595 1000 1633 attulit
1034 1602 1071 1633 et
1105 1595 1155 1633 ab
1185 1607 1233 1632 eo
1262 1601 1300 1632 et
1330 1592 1477 1633 Cassio.
1501 1608 1518 1635 1

156 1660 376 1699 Consilium
406 1674 540 1699 meum
569 1674 713 1710 magno
743 1674 860 1710 opere
890 1660 1108 1709 exquirunt,
1142 1661 1284 1697 Brutus
1319 1658 1480 1708 quidem

155 1733 284 1763 utrum
300 1727 350 1764 de
371 1726 539 1764 duobus.
599 1727 634 1764 O
662 1739 743 1764 rem
764 1725 944 1763 miseram
963 1728 969 1762 ἒ
999 1725 1115 1774 plane
1135 1737 1215 1761 non
1236 1723 1364 1761 habeo
1385 1722 1481 1772 quid

155 1790 332 1828 scribam.
394 1792 535 1840 Itaque
563 1790 718 1829 silentio
744 1799 840 1840 puto
870 1804 933 1828 me
960 1802 1131 1835 usurum,
1155 1787 1229 1825 nisi
1253 1787 1348 1837 quid
1375 1787 1481 1824 aliud

155 1854 226 1893 tibi
246 1855 398 1893 videtur
412 1870 422 1903 3
456 1855 516 1893 sin
542 1855 613 1894 tibi
638 1855 733 1905 quid
753 1855 859 1893 venit
885 1854 926 1892 in
953 1861 1137 1899 mentem,
1161 1852 1297 1898 scribe,
1321 1864 1480 1901 quaeso.

157 1919 315 1958 Cassius
348 1933 441 1958 vero
474 1921 726 1958 vehementer
759 1928 842 1958 orat
875 1933 920 1957 ac
952 1919 1047 1969 petit
1079 1926 1121 1955 ut
1153 1917 1328 1955 Hirtium
1363 1929 1481 1966 quam

156 1984 350 2034 optimum
397 1985 549 2023 faciam.
618 1987 766 2024 Sanum
813 1987 956 2035 putas?
1003 1986 1022 2022 ὁ
1065 1983 1250 2033 θησαυρὸς
1296 1982 1478 2031 ἄνθρακες.

158 2048 377 2098 Epistulam
406 2049 477 2088 tibi
507 2050 606 2088 misi.

209 2115 262 2151 Vt
283 2121 324 2151 tu
345 2115 395 2152 de
415 2114 616 2164 provincia
637 2114 746 2152 Bruti
773 2123 810 2153 et
832 2114 942 2154 Cassi
964 2128 1031 2164 per
1058 2120 1215 2151 senatus
1244 2112 1479 2158 consultum,
1499 2128 1525 2154 2

198 2229 217 2256 4
243 2218 356 2248 dedita
387 2228 491 2256 opera
521 2217 609 2258 vulg.
760 2219 781 2248 6
805 2218 880 2248 hinc
909 2227 1029 2248 novam
1061 2223 1105 2257 ep.
1139 2217 1247 2256 z'ncz'pt't
1277 2215 1483 2255 Mongallius

154 2262 175 2291 8
201 2262 367 2299 potuisses
391 2261 517 2292 Rom:
541 2263 694 2300 potuisse
720 2261 760 2291 M
935 2272 977 2291 20
1000 2272 1019 2291 a
1047 2264 1120 2291 ante
1146 2260 1263 2291 Cassio
1291 2258 1365 2290 add.
1393 2259 1477 2289 Ant.

155 2304 273 2334 Cassio
291 2305 421 2335 litteras
437 2304 493 2334 M²
580 2315 621 2343 23
646 2306 736 2344 quod
754 2304 852 2336 Rom.
944 2306 987 2335 26
1009 2305 1025 2334 ὁ
1043 2302 1196 2342 θησαυρὸς
1212 2301 1361 2342 ἄνθρακες
1381 2301 1455 2332 Vict.
1472 2313 1479 2335 :

156 2351 565 2379 ΟΤΕΝΑΥΕΔΝΘΡΔΚΕ(
582 2347 645 2379 M:
679 2349 695 2379 ὁ
719 2347 857 2389 γναφεὺς
881 2347 1047 2387 ἀνθρακεύς
1063 2347 1184 2378 Rosius

197 2424 262 2446 cxc.
279 2425 327 2445 An
343 2425 415 2447 Αττ.
1349 2411 1392 2443 34
