1827 2798
583 173 693 210 EPP.
727 174 803 210 AD
834 172 1093 212 ATTICVM
1375 173 1495 210 XIII.
1515 172 1623 209 xxxi

173 282 354 321 videlicet
375 296 503 333 neque
524 290 581 321 est
606 285 776 321 facturus
798 283 1009 333 quicquam
1037 283 1109 321 nisi
1132 284 1181 322 de
1207 296 1296 322 meo
1323 283 1499 322 consilio.

174 348 352 386 Obsecro
380 348 596 386 abiciamus
629 348 700 386 ista
732 357 769 386 et
800 349 1009 387 semiliberi
1042 350 1179 387 saltem
1210 348 1358 397 simus3
1392 350 1501 399 quod

172 413 435 461 adsequemur
455 420 493 451 et
514 414 681 451 tacendo
703 421 740 451 et
761 415 931 451 latendo.

227 478 305 515 Sed
334 479 546 526 adgredere
568 479 781 524 Othonem,
804 486 845 515 ut
873 478 1018 517 scribis.
1079 480 1253 526 Confice,
1276 479 1329 517 mi
1358 479 1498 526 Attice,
1519 494 1546 531 4

136 556 151 586 ξ,
173 541 287 579 istam
316 556 409 580 rem.
469 542 578 580 Nihil
608 542 713 580 enim
747 542 852 580 aliud
883 543 1032 592 reperio
1064 543 1131 582 ubi
1163 552 1201 582 et
1231 544 1270 581 in
1303 546 1386 582 foro
1421 557 1501 582 non

174 607 247 645 sim
268 615 305 645 et
327 615 457 645 tecum
479 620 563 645 esse
584 606 742 656 possim.
789 608 937 656 Quanti
957 617 1099 655 autem,
1124 610 1199 647 hoc
1221 609 1315 646 mihi
1336 609 1442 647 venit
1463 608 1501 646 in

174 680 359 710 mentem.
420 673 463 711 C.
488 672 681 710 Albanius
710 673 909 723 proximus
934 681 992 712 est
1018 673 1179 712 vicinus.
1240 676 1279 712 Is
1309 686 1374 712 Clo
1402 674 1503 723 iuge-

174 750 259 774 rum
298 738 348 775 de
389 738 444 774 M.
479 736 578 774 Pilio
617 737 722 784 emit,
756 745 798 775 ut
837 751 924 776 mea
962 738 1150 777 memoria
1188 746 1256 785 est,
1299 740 1369 776 HS
1409 738 1500 776 Cx—V.

175 801 321 840 Omnia
342 800 489 840 scilicet
509 816 615 840 nunc
637 802 807 841 minoris.
868 804 946 841 Sed
965 803 1117 841 accedit
1137 803 1342 853 cupiditas,
1366 803 1404 840 in
1427 817 1504 853 qua

117 884 157 907 10
175 874 326 917 praeter
340 868 542 905 Othonem
564 882 644 906 non
660 875 756 918 puto
773 882 844 906 nos
861 870 982 906 ullum
1003 868 1266 906 adversarium
1287 869 1500 907 habituros.

175 932 253 970 Sed
280 945 369 969 eum
399 931 527 981 ipsum
554 940 595 970 tu
622 932 767 982 poteris
797 946 964 980 movere,
987 933 1136 971 facilius
1156 933 1273 971 etiam
1295 934 1325 972 si
1347 936 1502 973 Canum

175 997 349 1034 haberes.
405 998 441 1035 O
461 999 591 1046 gulam
613 997 799 1036 insulsam
821 1001 827 1036 Ξ
876 999 1003 1036 Pudet
1024 1012 1086 1037 me
1106 998 1234 1049 patris.
1295 1000 1504 1040 Rescribes

176 1060 206 1098 si
228 1060 323 1110 quid
343 1063 460 1099 voles.

221 1208 399 1243 XXXII
458 1210 528 1242 Scr.
549 1211 583 1241 in
604 1209 788 1242 Tusculano
805 1212 835 1242 iv
850 1211 893 1243 K.
913 1211 989 1245 Iun.
1010 1223 1040 1244 α.
1061 1222 1120 1255 709
1139 1213 1221 1255 (45).

118 1312 156 1344 15
582 1299 754 1330 CICERO
782 1300 965 1332 ATTICO
992 1300 1099 1334 SAL.

229 1390 404 1426 Alteram
434 1401 456 1425 a
485 1394 523 1426 te
553 1386 760 1437 epistulam
790 1401 879 1426 cum
909 1389 1029 1427 hodie
1057 1389 1309 1440 accepissem,
1332 1391 1440 1429 nolui
1468 1398 1505 1429 te
1527 1404 1545 1432 1

176 1467 255 1492 una
275 1467 363 1492 mea
383 1459 624 1491 contentum.
674 1454 737 1491 Tu
757 1467 849 1492 vero
868 1467 949 1503 age,
966 1456 1073 1503 quod
1095 1455 1241 1503 scribis,
1260 1457 1309 1494 de
1327 1457 1503 1495 Faberio.

178 1519 226 1556 In
257 1532 305 1557 eo
340 1518 444 1557 enim
475 1525 601 1555 totum
632 1525 690 1555 est
719 1517 890 1567 positum
920 1518 959 1556 id
989 1520 1097 1568 quod
1127 1519 1370 1569 cogitamus,
1405 1534 1506 1571 quae

177 1583 362 1634 cogitatio
391 1583 423 1621 si
452 1596 533 1621 non
562 1581 774 1630 incidisset,
798 1582 894 1620 mihi
923 1584 1052 1630 crede,
1073 1583 1172 1622 istuc
1199 1592 1241 1622 ut
1267 1593 1395 1624 cetera
1424 1600 1505 1624 non

120 1661 159 1683 20
177 1649 405 1686 laborarem.
466 1649 597 1696 Quam
627 1647 679 1685 ob
707 1661 798 1694 rem,
822 1654 864 1685 ut
892 1647 986 1685 facis
1006 1647 1121 1698 (istuc
1151 1649 1255 1687 enim
1285 1650 1379 1689 addi
1408 1651 1505 1689 nihil

177 1712 333 1764 potest),
358 1727 460 1763 urge,
484 1713 595 1760 insta,
619 1713 772 1762 perfice.

233 1777 464 1817 Dicaearchi
502 1779 586 1828 περὶ
623 1781 744 1830 ψυχῆς
781 1785 967 1827 utrosque
1000 1778 1115 1816 velim
1155 1778 1286 1817 mittas
1325 1788 1363 1818 et
1403 1796 1551 1824 κατα-2

176 1845 336 1892 βάσεως.
393 1845 653 1894 Τριπολιτικὸν
679 1857 761 1882 non
790 1842 948 1881 invenio
978 1849 1016 1880 et
1044 1842 1251 1892 epistulam
1279 1844 1361 1883 eius
1386 1859 1505 1895 quam

178 1910 229 1947 ad
258 1909 535 1948 Aristoxenum
566 1910 678 1948 misit.
739 1909 826 1948 Tris
857 1923 924 1948 eos
953 1908 1073 1947 libros
1102 1909 1270 1948 maxime
1300 1924 1405 1949 nunc
1432 1913 1506 1949 vel-

122 1986 158 2017 25
179 1976 256 2013 lem
273 1989 283 2022 3
325 1975 406 2024 apti
437 1983 567 2014 essent
597 1977 647 2014 ad
681 1975 721 2014 id
756 1977 863 2025 quod
897 1974 1038 2025 cogito.
1097 1976 1320 2024 Torquatus
1352 1978 1505 2015 Romae
1525 1988 1549 2025 3

179 2048 247 2077 est.
307 2040 399 2078 Misi
420 2048 461 2078 ut
482 2041 551 2079 tibi
572 2043 737 2079 daretur.
788 2043 972 2080 Catulum
994 2049 1032 2079 et
1054 2042 1273 2087 Lucullum,
1291 2048 1333 2078 ut
1354 2041 1502 2090 opinor,

180 2112 304 2142 antea.
378 2105 454 2142 His
499 2105 605 2143 libris
650 2120 752 2144 nova
789 2106 1019 2156 prohoemia
1057 2113 1147 2144 sunt
1191 2105 1326 2143 addita
1363 2106 1506 2154 quibus

180 2182 315 2207 eorum
343 2176 506 2219 uterque
535 2171 724 2208 laudatur.
785 2172 862 2208 Eas
891 2170 1036 2209 litteras
1060 2172 1150 2209 volo
1180 2171 1326 2209 habeas
1355 2177 1393 2208 et
1417 2178 1507 2208 sunt

181 2235 376 2283 quaedam
414 2233 498 2271 alia.
560 2235 609 2272 Et
644 2236 752 2284 quod
789 2236 840 2273 ad
879 2242 917 2273 te
954 2237 998 2273 de
1031 2237 1170 2274 decem
1205 2236 1339 2285 legatis
1374 2235 1508 2285 scripsi

226 2338 268 2366 26
294 2336 370 2367 Misi
389 2348 417 2367 v.
430 2348 451 2367 c.
473 2335 539 2367 Zf':
564 2338 643 2368 iussi
663 2341 716 2369 ΣΔ
805 2340 847 2369 28
871 2338 1014 2376 litteras]
1035 2339 1180 2379 διφθέρας
1197 2340 1339 2372 Rinkes:
1364 2342 1509 2382 δευτέρας

185 2380 240 2413 (sc.
257 2379 436 2419 φροντίδας)
454 2381 530 2410 coni.
552 2380 651 2411 Orelli
775 2392 817 2420 29
840 2382 912 2413 alia.
964 2382 1020 2422 Et]
1040 2383 1135 2414 aliae.
1176 2383 1273 2422 Quod
1296 2384 1325 2414 T
1318 2386 1418 2423 yrrell
1433 2398 1439 2417 :
1463 2386 1512 2417 vel

184 2422 225 2453 Et
241 2423 413 2454 delendum
430 2434 494 2454 esse
509 2424 558 2454 vel
575 2424 611 2455 Id
630 2425 799 2465 legendum
810 2429 908 2466 palat
926 2426 1027 2457 Orelli
1113 2428 1154 2458 de
1172 2427 1246 2458 add.
1266 2432 1334 2460 vett.
