1827 2798
144 540 161 571 5

124 861 162 883 10

117 1512 156 1533 20

648 159 759 195 EPP.
792 158 869 195 AD
898 158 1157 197 ATTICVM
1491 160 1537 196 X.
1561 159 1605 195 iv

184 269 258 317 ego
289 266 394 306 enim
425 268 476 305 ad
508 281 597 306 eum
630 267 809 315 scribam,
831 276 873 306 ut
903 275 943 306 tu
974 268 1056 318 ipse
1083 270 1201 316 voles,
1224 270 1274 308 de
1300 282 1345 307 ea
1372 283 1411 307 re
1436 282 1508 308 nos

184 331 284 370 inter
311 346 382 370 nos
410 334 572 370 locutos.
633 333 741 381 Quid
770 341 901 371 autem
930 333 1031 371 illius
1058 333 1227 380 interest,
1251 334 1439 384 quoniam
1467 333 1507 372 in

183 405 362 435 senatum
398 410 477 435 non
510 397 629 444 venis,
662 398 729 435 ubi
762 398 842 436 sis?
899 398 1007 446 Quin
1042 413 1147 437 nunc
1182 399 1309 449 ipsum
1345 399 1507 438 minime

182 461 413 500 offendisses
434 462 516 500 eius
544 476 713 508 causam,
736 462 767 500 si
795 462 833 500 in
856 463 969 501 Italia
995 477 1075 501 non
1103 463 1264 502 fuisses.'
1320 465 1384 502 Ad
1406 478 1506 514 quae

182 539 255 575 ego
289 540 352 564 me
386 540 582 565 recessum
615 535 653 565 et
684 527 936 566 solitudinem
972 541 1168 577 quaerere,
1201 528 1368 567 maxime
1398 530 1506 578 quod

181 590 336 628 lictores
364 591 560 629 haberem.
622 592 813 629 Laudavit
841 592 1058 630 consilium.
1123 592 1253 641 ‘Quid
1280 595 1423 642 ergo?'
1453 593 1507 631 in-

181 668 301 704 quam
318 670 326 702 3
360 658 368 674 ‘
383 669 472 693 nam
495 656 589 693 mihi
607 670 740 694 cursus
762 656 801 694 in
820 657 1023 695 Graeciam
1046 671 1114 707 per
1135 665 1241 695 tuam
1264 657 1505 707 provinciam

180 726 249 765 est,
274 719 460 768 quoniam
481 721 531 758 ad
554 734 658 758 mare
680 734 863 770 superum
890 721 1030 760 milites
1058 724 1172 760 sunt.'
1231 722 1361 770 ‘Quid
1390 722 1507 760 mihi'

181 783 308 833 inquit
343 784 590 833 ‘optatius?'
649 787 741 823 Hoc
773 787 861 823 loco
896 788 1018 824 multa
1052 786 1341 836 perliberaliter.
1404 790 1506 837 Ergo

181 849 257 886 hoc
278 849 438 898 quidem
461 857 517 888 est
539 851 767 899 profectum,
792 859 833 888 ut
860 865 940 889 non
969 853 1090 890 modo
1118 859 1202 889 tuto
1227 866 1359 890 verum
1388 852 1504 890 etiam

180 915 308 963 palam
344 914 623 963 navigaremus.
685 915 854 964 Reliqua
888 915 926 953 in
962 924 1160 965 posterum
1194 916 1299 954 diem
1332 917 1506 965 distulit3

178 992 225 1016 ex
246 979 389 1028 quibus
410 979 576 1017 scribam
597 980 648 1017 ad
670 987 706 1017 te
727 979 758 1017 si
779 980 874 1028 quid
896 979 966 1017 erit
987 980 1152 1029 epistula
1172 980 1346 1030 dignum.
1406 983 1506 1020 Sunt

177 1051 310 1081 autem
332 1057 432 1093 quae
453 1043 644 1092 praeterii,
661 1043 977 1092 interregnumne
998 1052 1099 1082 esset
1121 1053 1421 1093 exspectaturus,
1441 1059 1501 1092 an,

179 1122 259 1157 quo
288 1109 408 1146 modo
433 1107 570 1145 dixerit
592 1107 655 1145 ille
676 1107 851 1156 quidem,
871 1109 921 1145 ad
943 1121 983 1145 se
1005 1108 1144 1145 deferri
1165 1110 1411 1146 consulatum
1434 1111 1504 1148 sed

179 1186 220 1210 se
240 1174 344 1210 nolle
365 1172 404 1209 in
425 1171 645 1221 proximum
672 1185 831 1209 annum.
893 1174 942 1209 Et
962 1171 1037 1209 alia
1058 1180 1147 1210 sunt
1169 1186 1268 1222 quae
1290 1173 1500 1222 exquiram.

180 1238 337 1275 Iurabat
361 1238 412 1275 ad
440 1250 645 1283 summam,
669 1237 778 1285 quod
807 1238 915 1274 nullo
945 1236 1104 1285 negotio
1135 1238 1260 1275 facere
1289 1240 1388 1284 solet,
1411 1239 1504 1276 ami-

175 1302 376 1341 cissimum
394 1301 489 1340 mihi
506 1302 714 1340 Caesarem
729 1315 813 1339 esse
829 1302 984 1339 debere.
1044 1301 1151 1350 Quid
1166 1301 1270 1340 enim
1286 1316 1472 1352 umquam
1487 1305 1503 1341 ?

177 1371 185 1386 ‘
199 1367 358 1417 Scripsit
379 1369 429 1406 ad
458 1381 521 1405 me
548 1367 779 1405 Dolabella!
830 1370 838 1386 ‘
853 1367 928 1404 Dic
950 1366 1095 1416 quid?'
1143 1368 1390 1405 Adfirmabat
1411 1381 1500 1406 eum

175 1432 383 1483 scripsisse,
409 1434 517 1482 quod
544 1445 607 1470 me
635 1439 794 1481 cuperet
813 1432 864 1469 ad
886 1431 1022 1469 urbem
1044 1431 1186 1478 venire,
1209 1431 1317 1469 illum
1340 1432 1500 1481 quidem

174 1498 313 1547 gratias
334 1512 447 1547 agere
470 1497 659 1535 maximas
681 1504 719 1534 et
740 1509 820 1533 non
841 1497 962 1534 modo
989 1496 1153 1545 probare
1177 1497 1246 1534 sed
1271 1496 1386 1534 etiam
1412 1511 1501 1547 gau-

174 1563 275 1601 dere.
337 1562 446 1611 Quid
475 1561 661 1612 quaeris?
690 1560 878 1610 acquievi.
939 1562 1084 1598 Levata
1111 1568 1168 1599 est
1196 1561 1301 1599 enim
1329 1561 1500 1611 suspicio

173 1627 237 1665 illa
258 1626 464 1665 domestici
488 1626 577 1664 mali
600 1634 638 1664 et
659 1625 849 1664 sermonis
872 1624 1052 1662 Hirtiani.
1100 1626 1230 1673 Quam
1253 1625 1370 1675 cupio
1390 1626 1500 1664 illum

171 1691 335 1741 dignum
363 1705 448 1730 esse
473 1691 588 1730 nobis
619 1699 657 1729 et
678 1704 797 1740 quam
826 1689 909 1739 ipse
937 1703 999 1727 me
1028 1689 1162 1736 invito,
1186 1694 1310 1739 †quae
1336 1704 1407 1740 pro
1434 1691 1500 1729 illo

172 1756 220 1794 sit
254 1756 534 1806 suspicandum
554 1759 588 1794 Η-
648 1757 726 1794 Sed
756 1768 855 1804 opus
885 1754 966 1800 fuit,
998 1753 1130 1792 Hirtio
1162 1763 1369 1794 convento.
1429 1757 1500 1794 Est

136 1837 150 1866 ς
172 1822 348 1870 profecto
375 1820 508 1859 nescio
535 1820 641 1870 quid,
666 1821 735 1858 sed
762 1819 877 1857 velim
905 1832 1023 1868 quam
1051 1818 1227 1857 minimo.
1286 1821 1337 1858 Et
1366 1827 1500 1859 tamen

172 1899 263 1923 eum
285 1887 463 1923 nondum
486 1885 631 1923 redisse
653 1884 848 1922 miramur.
908 1885 986 1922 Sed
1007 1884 1104 1921 haec
1125 1884 1358 1924 videbimus.

215 1999 232 2027 7
258 1987 352 2028 nam]
371 1999 449 2018 num
468 1988 592 2018 Scln‘c'tz
727 1998 765 2027 14
790 1989 914 2018 dixerit
936 1988 1086 2018 Ernesti:
1121 1989 1215 2018 -erim
1242 1987 1306 2018 CM
1393 1990 1434 2019 ad
1461 2000 1497 2021 se

170 2031 318 2061 Ernesti:
343 2033 403 2062 sed
424 2031 492 2061 CM
626 2033 663 2061 16
687 2031 797 2062 facere
818 2032 903 2061 solet
922 2032 1037 2062 Orelli:
1063 2032 1190 2062 faceret
1208 2031 1248 2060 M
1379 2043 1416 2071 17
1442 2034 1497 2063 de-

170 2075 251 2104 bere
268 2074 333 2106 cod.
353 2074 641 2105 Helmstadtiensis
663 2074 818 2105 Vrsinus:
850 2076 950 2104 debet
968 2074 1009 2104 M
1103 2085 1258 2113 umquam
1277 2074 1331 2104 M¹
1351 2087 1357 2106 z
1390 2077 1498 2115 inquit

171 2117 225 2147 M*
244 2118 343 2148 Rom.
410 2120 417 2134 ⁴
431 2118 517 2156 Quid
536 2119 625 2148 enirn
638 2116 645 2128 '
664 2117 772 2157 inquit
794 2118 947 2157 ‘scripsit
965 2119 1005 2147 ad
1024 2128 1076 2148 me
1095 2117 1213 2148 D01.‘.2'
1239 2119 1282 2147 ila
1300 2119 1499 2158 inlctpunxit

175 2160 317 2199 Tyrrell:
355 2161 463 2199 ‘Quid
490 2162 577 2190 enim
590 2163 599 2192 ἲ
613 2160 620 2172 ’
649 2161 755 2200 inquit
786 2162 938 2199 ‘scripsit
974 2162 1014 2191 ad
1049 2172 1100 2192 me
1138 2160 1225 2192 Dol.’
1254 2161 1386 2192 Baiter:
1414 2164 1496 2201 sori.

171 2204 280 2242 ‘Quid
299 2205 387 2234 enim
400 2206 409 2234 2
422 2205 428 2217 ’
455 2205 599 2243 inquam.
635 2206 643 2220 ‘
657 2204 796 2243 Scripsit
814 2206 855 2234 ad
874 2214 925 2234 me
944 2203 1028 2234 D01.‘
1124 2205 1161 2235 18
1188 2205 1249 2235 Dic
1266 2204 1396 2235 Hand:
1421 2207 1496 2237 dico

168 2247 217 2278 M.
273 2248 391 2277 Totum
408 2248 514 2277 locum
533 2248 576 2277 ita
594 2248 753 2286 ingeniose
770 2248 895 2286 refinxit
909 2248 996 2277 Koch
1012 2247 1191 2278 Caesarem
1210 2258 1295 2279 esse.
1348 2250 1355 2265 ⁶
1370 2249 1495 2280 Dubito

170 2290 231 2327 (ila
255 2291 386 2331 Lamb.)
421 2289 599 2329 equidem*
626 2292 770 2329 inquam.
820 2291 986 2329 *Scripsit
1013 2292 1054 2321 ad
1082 2302 1135 2321 me
1166 2291 1360 2323 Dolabella!
1412 2293 1495 2324 ‘Dic

168 2334 247 2372 quid
260 2336 269 2365 ’.ἱ
283 2333 290 2345 ’
427 2335 473 2369 18,
494 2345 531 2372 19
556 2344 631 2364 eum
649 2335 825 2372 scripsisse
845 2334 1002 2364 Graevius
1018 2346 1024 2365 z
1048 2345 1088 2365 eo
1107 2335 1196 2374 (cum
1213 2334 1283 2375 M)
1301 2336 1494 2375 scripsisset

169 2376 211 2406 M
365 2387 406 2415 23
431 2377 532 2416 quae}
558 2378 600 2407 ad
618 2378 650 2407 id
668 2378 754 2415 quod
772 2377 898 2416 vascr
1047 2388 1088 2417 24
1113 2378 1181 2408 sint
1198 2379 1238 2408 ad
1256 2379 1494 2417 suspicandum

169 2420 223 2450 Fr.
244 2420 396 2450 Schmidt
483 2420 552 2452 Sed
570 2430 656 2459 opus
674 2420 733 2450 suit
754 2420 865 2450 Hirtio
882 2423 1071 2452 convento?
1097 2421 1142 2452 ita
1159 2422 1396 2463 interpungimt
1410 2423 1493 2462 edd,

169 2474 253 2494 num
271 2468 347 2495 recte
360 2463 469 2495 dubito
601 2474 642 2503 25
668 2463 839 2494 minimum
857 2464 973 2496 Lamb.

1526 926 1561 953 11
