1827 2798
589 157 701 195 EPP.
734 159 810 196 AD
841 157 1099 196 ATTICVM
1413 156 1522 194 XIV.
1547 154 1622 192 xix

185 282 249 307 rne
278 270 435 308 hercule
466 269 518 307 ita
547 269 709 317 videtur,
738 283 818 308 non
848 269 1022 319 potuisse
1053 268 1175 307 maior
1205 267 1270 306 tali
1300 281 1340 306 re
1369 267 1516 317 talique

184 341 372 384 tempore.
432 335 509 372 Sed
548 342 680 372 tamen
719 334 908 384 quicquid
947 334 981 372 ei
1021 333 1161 380 tribuo,
1195 333 1326 371 tribuo
1360 346 1407 371 ex
1440 331 1515 370 tuis

183 399 329 437 litteris.
388 399 478 437 Tibi
509 413 600 437 vero
633 399 833 438 adsentior
867 399 1054 438 maiorem
1085 401 1218 450 πρᾶξιν
1251 399 1334 437 eius
1368 399 1449 436 fore
1484 396 1515 435 si

184 463 279 501 mihi
311 465 419 514 quod
459 464 595 502 debuit
629 465 858 503 dissolverit.
920 467 1061 503 Brutus
1096 464 1212 503 velim
1252 464 1300 501 sit
1334 465 1511 501 Asturae.

145 540 162 572 5
184 530 305 578 Quod
325 537 456 567 autem
479 531 613 567 laudas
635 543 697 568 me
718 531 826 580 quod
847 530 943 567 nihil
967 538 1057 568 ante
1084 531 1133 568 de
1161 528 1403 579 profectione
1424 542 1513 567 con-
1534 534 1562 572 6

182 593 340 632 stituam
363 608 480 643 quam
503 594 575 631 ista
595 608 674 644 quo
695 608 856 633 evasura
877 595 953 632 sint
969 595 1117 642 videro,
1133 601 1242 632 muto
1264 593 1510 631 sententiam.

183 660 325 708 Neque
359 658 571 708 quicquam
611 667 743 697 tamen
782 667 873 697 ante
905 673 1023 709 quam
1058 666 1095 697 te
1126 659 1271 697 videro.
1339 657 1512 695 Atticam

182 737 310 761 meam
332 722 471 773 gratias
493 723 588 761 mihi
608 737 721 774 agere
741 725 791 762 de
812 732 934 763 matre
961 725 1114 774 gaudeo
1130 739 1139 772 3
1172 724 1236 762 cui
1258 722 1418 773 quidem
1441 736 1514 772 ego

183 794 305 825 totam
336 787 465 825 villam
496 790 715 838 cellamque
745 788 886 827 tradidi
916 802 1083 838 eamque
1113 787 1333 838 cogitabam
1362 798 1387 823 V
1419 788 1514 825 Idus

123 864 163 888 ιο
183 852 324 890 videre.
383 854 446 890 Tu
476 853 630 892 Atticae
659 855 825 892 salutem
851 853 970 893 dices.
1030 854 1115 892 Nos
1140 852 1277 890 Piliam
1308 851 1514 901 diligenter

182 917 389 955 tuebimur.

224 1062 312 1097 XX
476 1066 544 1098 Scr.
565 1067 598 1098 in
615 1067 795 1098 Puteolano
812 1078 831 1098 v
847 1065 894 1098 Id.
917 1066 997 1097 Mai.
1018 1077 1050 1098 α.
1071 1076 1128 1106 710
1148 1066 1233 1108 (44).

589 1154 762 1185 CICERO
792 1154 974 1185 ATTICO
1004 1153 1109 1185 SAL.

236 1243 269 1281 E
292 1242 535 1292 Pompeiano
562 1243 650 1281 navi
677 1245 864 1282 advectus
891 1257 977 1282 sum
1006 1244 1045 1281 in
1068 1242 1222 1281 Luculli
1242 1242 1363 1282 nostri
1386 1242 1514 1292 hospi·
1534 1257 1551 1284 1

124 1318 160 1350 15
180 1306 278 1345 tium
300 1319 340 1344 vl
364 1308 459 1345 Idus
480 1308 575 1345 hora
595 1309 674 1346 fere
694 1308 815 1346 tertia.
866 1310 1053 1358 Egressus
1074 1316 1205 1346 autem
1227 1322 1249 1346 e
1269 1307 1358 1346 navi
1378 1307 1512 1358 accepi

180 1380 265 1410 tuas
286 1371 430 1410 litteras
452 1386 548 1422 quas
570 1380 658 1410 tuus
675 1373 897 1411 tabellarius
918 1373 957 1411 in
973 1375 1197 1413 Cumanum
1219 1373 1394 1411 attulisse
1411 1372 1511 1411 dice-

181 1437 293 1475 batur
314 1436 441 1475 Nonis
469 1437 585 1474 Maiis
610 1438 731 1476 datas.
790 1439 826 1475 A
856 1440 1022 1476 Lucullo
1047 1438 1234 1488 postridie
1261 1439 1400 1476 eadem
1432 1439 1511 1476 fere

179 1504 275 1541 hora
291 1503 380 1541 veni
402 1503 440 1540 in
457 1504 729 1541 Puteolanum.
781 1503 843 1542 Ibi
863 1504 997 1555 accepi
1019 1505 1116 1542 duas
1136 1504 1509 1554 epistulas,alteram

180 1567 318 1615 Nonis,
355 1569 515 1606 alteram
548 1580 603 1605 vu
638 1569 733 1606 Idus
769 1568 947 1606 Lanuvio
981 1570 1103 1607 datas.
1175 1569 1281 1607 Audi
1314 1568 1427 1618 igitur
1459 1570 1510 1607 ad
1531 1581 1556 1608 2

120 1648 158 1669 20
178 1631 318 1671 omnis.
379 1632 564 1680 Primum,
595 1646 695 1683 quae
723 1634 772 1671 de
799 1647 839 1671 re
869 1647 957 1671 mea
985 1641 1092 1683 gesta
1119 1640 1156 1671 et
1187 1633 1226 1670 in
1253 1633 1448 1672 solutione
1472 1642 1510 1672 et

178 1697 217 1735 in
239 1697 411 1736 Albiano
432 1699 601 1748 negotio,
623 1706 740 1748 grata.
802 1700 863 1737 De
884 1706 952 1736 tuo
976 1706 1107 1736 autem
1130 1699 1337 1745 Buthroto,
1357 1712 1448 1736 cum
1471 1698 1509 1736 in

179 1763 423 1813 Pompeiano
457 1777 595 1811 essem,
635 1763 834 1801 Misenum
866 1763 972 1801 venit
1006 1763 1215 1801 Antonius.
1286 1764 1386 1801 Inde
1419 1770 1510 1801 ante

178 1828 356 1867 discessit
378 1843 496 1879 quam
518 1829 626 1867 illum
649 1829 801 1867 venisse
822 1829 1030 1874 audissem,
1054 1828 1094 1865 in
1115 1827 1330 1866 Samnium.
1372 1830 1408 1865 A
1430 1841 1510 1877 quo

179 1892 268 1931 vide
298 1893 393 1943 quid
423 1907 563 1944 speres.
625 1895 777 1932 Romae
807 1893 921 1944 igitur
950 1894 1000 1931 de
1026 1893 1228 1930 Buthroto.
1289 1894 1332 1930 L.
1359 1893 1509 1930 Antoni

120 1970 158 2001 25
181 1957 374 1996 horribilis
394 1958 543 2007 contio,
564 1960 794 1997 Dolabellae
817 1960 1023 2009 praeclara.
1086 1959 1168 1994 Iam
1190 1959 1250 1994 vel
1272 1956 1346 1995 sibi
1366 1958 1509 1996 habeat

180 2035 374 2067 nummos
395 2024 515 2061 modo
535 2031 713 2061 numeret
736 2023 884 2061 Idibus.
927 2024 1126 2061 Tertullae
1147 2023 1291 2059 nollem
1313 2021 1506 2060 abortum.

178 2087 277 2123 Tam
305 2087 408 2124 enim
430 2087 555 2126 Cassii
576 2095 665 2125 sunt
694 2087 768 2125 iarn
790 2102 909 2137 quam
933 2087 1040 2125 Bruti
1069 2087 1234 2125 serendi.
1295 2087 1357 2124 De
1377 2086 1508 2136 regina

226 2199 238 2219 1
266 2190 431 2228 potuisset
453 2189 595 2220 Iunius:
622 2191 787 2229 potuisset
812 2201 888 2220 esse
908 2191 986 2220 coni.
1011 2189 1202 2231 ll'csenherg
1347 2201 1365 2228 4
1391 2190 1508 2220 debuit

179 2237 246 2264 vctl.
267 2245 272 2264 ;
309 2234 408 2263 debui
437 2227 552 2264 MlZI:
586 2234 686 2264 debet
713 2234 900 2273 Malaspina
1105 2235 1153 2273 18,
1186 2244 1224 2273 19
1249 2232 1282 2263 in
1303 2258 1308 2263 .
1327 2257 1334 2264 .
1355 2257 1362 2263 .
1386 2233 1507 2270 Nonis,

180 2276 319 2306 alteram
337 2276 384 2307 C:
407 2287 473 2306 omi
493 2275 534 2305 M
677 2288 719 2307 20
744 2279 829 2316 gesti
847 2277 925 2308 rom'.
943 2276 1027 2307 Boot
1168 2287 1208 2316 23
1234 2277 1355 2315 audivi,
1381 2276 1505 2306 chscn-

178 2320 255 2359 berg
406 2320 438 2349 in
459 2320 630 2350 Samnium
648 2332 654 2350 :
678 2331 696 2350 a
713 2331 779 2359 quo
802 2320 1008 2360 Wesenberg:
1035 2331 1053 2350 a
1069 2331 1136 2359 quo
1155 2321 1189 2351 in
1204 2321 1376 2351 Samnium
1396 2320 1482 2351 codd.
1499 2332 1506 2350 :

179 2374 197 2392 a
215 2373 279 2401 quo
298 2363 482 2393 insanienti
500 2363 609 2394 Koclt:
635 2364 788 2403 Aequum
807 2363 1006 2395 Samnitium
1022 2363 1173 2395 Sdmudt
1326 2374 1367 2403 25
1393 2364 1505 2394 contio

184 2405 259 2437 Vict.
278 2418 284 2437 2
310 2407 480 2437 contentio
498 2407 539 2436 M
