1827 2798
196 124 284 162 XV.

271 451 288 477 1

308 123 420 159 xxix
686 122 741 158 M.
774 119 943 158 TVLLI
975 119 1281 159 CICERONIS

352 250 508 286 XXIX
553 253 622 285 Ser.
640 253 673 284 in
690 253 871 284 Formiano
882 253 971 295 prid.
984 253 1070 285 Non.
1091 253 1205 294 Quint.
1226 265 1256 286 α.
1275 263 1332 295 710
1350 254 1443 298 (44).

725 343 898 374 CICERO
920 343 1102 375 ATTICO
1124 343 1232 376 SAL.

364 432 473 471 Bruti
502 434 552 471 ad
583 440 621 471 te
650 431 859 483 epistulam
889 433 988 472 misi.
1049 433 1101 471 Di
1132 433 1236 481 boni,
1260 442 1408 485 quanta
1431 436 1646 487 ἀμηχανίαὲ

309 500 537 549 Cognosces
572 512 663 537 cum
702 498 850 548 legeris.
913 500 975 537 De
1013 499 1278 538 celebratione
1315 501 1499 539 ludorum
1534 500 1646 539 Bruti

308 564 378 603 tibi
407 563 617 602 adsentior.
677 565 742 602 Ad
775 565 830 602 M.
863 564 1022 602 Aelium
1052 566 1182 603 nullus
1216 573 1258 603 tu
1288 565 1450 615 quidem
1480 567 1645 605 domum
1667 582 1684 614 5

307 631 377 668 sed
416 628 542 667 sicubi
580 628 771 666 inciderit.
846 631 909 667 De
940 629 1125 668 Tulliano
1159 629 1321 669 semisse
1356 632 1412 669 M.
1446 630 1646 670 Axianum

306 694 526 741 adhibebis,
563 701 605 731 ut
637 693 783 732 scribis.
856 695 977 742 Quod
1012 708 1102 732 cum
1134 696 1294 734 Cosano
1328 695 1450 745 egisti,
1483 696 1643 746 optime.

307 760 429 809 Quod
464 773 545 797 non
585 760 712 797 solum
747 772 836 797 mea
866 773 1001 797 verum
1042 759 1160 797 etiam
1196 767 1262 798 tua
1303 774 1342 798 re
1377 774 1440 799 me
1472 760 1643 811 expedis,

305 832 468 875 gratum.
530 823 787 873 Legationem
822 823 979 874 probari
1018 838 1147 862 meam
1181 826 1346 874 gaudeo.
1408 826 1530 874 Quod
1561 839 1647 876 pro-

306 890 427 929 mittis
457 889 496 928 di
527 889 673 927 faxint!
733 889 841 938 Quid
872 889 978 927 enim
1013 889 1109 927 mihi
1142 889 1238 928 meis
1267 890 1511 929 iucundius?
1568 891 1646 930 Sed
1669 906 1707 928 10

306 955 419 993 istam
452 968 571 1005 quam
606 962 648 992 tu
688 953 833 1004 excipis
873 962 1017 992 metuo.
1080 956 1245 993 Brutum
1285 969 1375 993 cum
1410 969 1644 1002 convenero,

307 1020 545 1072 perscribam
594 1019 736 1057 omnia.
812 1021 874 1057 De
913 1021 1061 1058 Planco
1100 1027 1138 1058 et
1178 1019 1347 1058 Decimo
1385 1034 1479 1058 sane
1517 1019 1644 1058 velim.

309 1088 468 1125 Sextum
509 1092 664 1123 scutum
702 1084 857 1123 abicere
896 1085 1093 1123 nolebam.
1169 1086 1231 1123 De
1271 1086 1439 1131 Mundo,
1481 1085 1513 1122 si
1551 1084 1647 1134 quid

265 1159 290 1186 2
309 1151 417 1189 scies.
479 1150 676 1200 Rescripsi
706 1151 757 1188 ad
787 1149 922 1188 omnia
950 1157 1041 1197 tua3
1079 1163 1185 1188 nunc
1215 1158 1348 1188 nostra
1376 1149 1522 1199 accipe.

365 1215 536 1264 Quintus
567 1215 668 1252 filius
698 1228 824 1264 usque
856 1216 1042 1253 Puteolos
1074 1214 1211 1261 (mirus
1242 1214 1347 1262 civis,
1379 1223 1421 1253 ut
1453 1222 1494 1252 tu
1527 1216 1647 1253 Favo-
1671 1229 1707 1261 15

309 1283 419 1320 nium
446 1281 678 1322 †Asiniuml·
705 1280 831 1331 dicas)
859 1289 897 1319 et
927 1280 1089 1330 quidem
1121 1282 1219 1319 duas
1250 1282 1302 1320 ob
1332 1295 1479 1328 causas,
1511 1285 1573 1322 †et
1604 1289 1646 1320 ut

310 1361 466 1385 mecum
497 1354 535 1385 et
564 1354 606 1384 ut
637 1347 870 1384 σπείσασθαι
896 1348 1002 1385 vultt
1029 1360 1121 1383 cum
1150 1348 1273 1384 Bruto
1295 1352 1333 1384 et
1359 1347 1507 1386 Cassio.
1568 1348 1647 1385 Sed

309 1420 351 1450 tu
376 1412 471 1462 quid
492 1412 581 1450 ais?
638 1411 727 1451 Scio
748 1411 854 1450 enim
875 1418 914 1450 te
937 1411 1167 1449 familiarem
1196 1426 1281 1450 esse
1302 1413 1519 1451 Othonum.
1579 1412 1646 1451 Ait

309 1477 374 1515 hic
413 1477 487 1515 sibi
523 1476 664 1515 Iuliam
700 1478 823 1524 ferre,
866 1476 1125 1515 constitutum
1158 1477 1263 1515 enim
1302 1491 1387 1515 esse
1420 1477 1643 1516 discidium.

311 1542 515 1592 Quaesivit
545 1556 591 1581 ex
620 1557 684 1581 me
713 1550 822 1592 pater
850 1542 976 1592 qualis
1006 1550 1107 1580 esset
1137 1544 1250 1581 fama.
1311 1543 1402 1581 Dixi
1429 1543 1526 1581 nihil
1553 1557 1647 1582 sane
1669 1557 1708 1578 20

312 1622 375 1646 me
401 1608 559 1646 audisse
583 1607 826 1658 (nesciebam
857 1607 962 1645 enim
993 1620 1061 1644 cur
1085 1606 1304 1657 quaereret)
1330 1607 1403 1645 nisi
1433 1609 1483 1646 de
1513 1621 1579 1646 ore
1609 1616 1647 1646 et

311 1682 430 1724 patre.
488 1675 587 1712 ‘Sed
608 1686 773 1723 quorsus
789 1674 826 1710 ?'
848 1672 1020 1722 inquam.
1080 1675 1133 1710 At
1154 1672 1218 1710 ille
1238 1672 1361 1710 filium
1382 1674 1490 1711 velle.
1540 1675 1646 1711 Tum

311 1753 395 1789 ego,
428 1739 498 1777 etsi
529 1740 814 1788 ἐβδελυττόμηιν,
847 1746 979 1776 tamen
1014 1738 1152 1787 negavi
1181 1738 1400 1788 probabilia
1430 1752 1515 1776 esse
1544 1753 1644 1777 vera.

311 1806 456 1845 Σκοπὸς
495 1806 587 1853 (hoc
625 1811 683 1842 est
725 1803 849 1854 enim)
887 1803 978 1841 huic
1024 1811 1157 1841 nostro
1203 1803 1299 1841 nihil
1344 1804 1540 1854 praebere,
1583 1804 1647 1843 illa

310 1880 443 1911 autem
470 1873 511 1909 οὐ
539 1871 639 1920 παρὰ
666 1873 784 1908 τοῦτο.
845 1871 930 1918 Ego
955 1876 1087 1906 tamen
1112 1868 1288 1918 suspicor
1316 1869 1433 1915 hunc,
1462 1877 1504 1907 ut
1533 1871 1645 1917 solet,
1667 1882 1705 1912 25

355 1987 373 2016 5
399 1977 508 2006 nullus
525 1976 611 2015 vulg.
629 1987 634 2005 z
661 1975 759 2006 nulus
776 1975 833 2007 M:
862 1985 904 2005 ne
926 1975 1004 2005 ieris
1021 1973 1174 2004 Schmidt
1305 1984 1321 2012 7
1347 1974 1483 2004 Cosano
1500 1973 1623 2004 Scln'itz
1639 1986 1645 2005 :

310 2021 459 2052 Coziano
478 2020 536 2050 M:
562 2019 709 2050 Cosiano
733 2020 821 2059 vulg.
982 2020 1002 2048 8
1027 2028 1062 2048 re
1088 2017 1224 2049 addend.
1245 2021 1343 2047 censet
1359 2017 1449 2047 Koclz
1608 2028 1645 2055 13

312 2065 466 2095 nolebam
485 2058 555 2093 CZb
572 2075 598 2094 v,
613 2075 635 2094 c.
654 2075 660 2095 t
696 2074 762 2094 0111.
784 2067 838 2093 ΣΔ
956 2071 993 2099 14
1019 2066 1075 2091 tua
1093 2056 1166 2091 FZI’
1187 2073 1211 2092 τ’.
1227 2072 1247 2092 c.
1268 2060 1296 2090 L
1316 2062 1480 2101 (111a1g.):
1507 2072 1574 2091 0111.
1595 2060 1643 2092 M.

310 2109 343 2139 F
342 2109 432 2138 ussus
445 2108 480 2138 de
493 2109 552 2137 lzoc
565 2108 703 2147 capitulo
717 2106 866 2137 disseruit
882 2105 1004 2135 Gm-litt
1020 2105 1053 2135 in
1071 2112 1078 2122 ⁶
1090 2105 1283 2143 Philologus
1294 2103 1301 2115 ³
1314 2108 1321 2139 (
1335 2105 1432 2143 1900)
1447 2115 1500 2144 pp.
1515 2107 1645 2143 90-106

314 2163 351 2191 15
378 2152 560 2182 Favonium
578 2152 688 2191 vulga
712 2151 781 2181 -ius
798 2149 855 2179 M:
881 2151 906 2180 -i
926 2149 1012 2179 Rct'cl
1152 2151 1189 2178 16
1214 2149 1387 2189 Asinium]
1416 2149 1559 2179 alterum
1584 2148 1644 2178 Er-

311 2196 411 2226 nesti:
444 2197 577 2226 simium
596 2194 681 2224 Reid
790 2199 823 2224 ct
841 2199 876 2224 ut
894 2204 1023 2223 mecum
1041 2197 1075 2223 et
1093 2192 1278 2222 σπείσασθαι
1297 2193 1367 2221 vult
1385 2203 1459 2222 cum
1482 2195 1550 2223 velt.
1571 2203 1578 2222 :
1611 2196 1644 2221 et

312 2250 442 2269 mecum
459 2239 649 2269 σπείσασθαι
669 2238 738 2268 vult
758 2244 790 2268 et
808 2248 882 2268 curn
902 2237 1022 2267 Lmnl).
1167 2247 1201 2275 17
1228 2242 1260 2266 et
1284 2235 1358 2266 (w'st'.
1380 2237 1467 2275 vulg.
1605 2245 1643 2274 19

314 2283 448 2323 Iuliam]
475 2283 608 2313 Tutiam
634 2281 769 2321 quidam
787 2287 838 2321 ap.
857 2280 977 2311 Lamb.
1071 2290 1147 2310 esse
1171 2279 1344 2310 discidium
1363 2290 1393 2310 v.
1410 2290 1434 2310 c,
1451 2278 1479 2308 L
1502 2280 1642 2319 (flung.)

313 2327 429 2357 lisam:
455 2337 550 2356 esses
574 2326 632 2356 sed
658 2326 829 2355 excidium
851 2324 888 2353 M
1022 2333 1058 2354 21
1079 2328 1112 2353 et
1130 2324 1242 2364 patre]
1263 2323 1350 2362 putri
1368 2322 1490 2352 Sclziitz
1601 2331 1642 2361 23

313 2370 496 2410 probabilia
513 2369 614 2399 Ellis:
647 2369 826 2408 pubabulla
848 2366 907 2397 M:
940 2371 1059 2406 putare
1082 2378 1133 2397 me
1151 2367 1204 2397 illa
1221 2361 1264 2395 Zb
1282 2367 1422 2396 xlliillcr:
1458 2366 1567 2405 putari
1587 2366 1642 2396 illa

315 2414 435 2444 Gmlftt
582 2422 621 2451 24
650 2413 728 2451 <hoc
747 2417 797 2441 est
816 2412 919 2441 enimi
944 2412 977 2440 1'n
999 2411 1185 2451 parenthesi
1205 2411 1310 2440 Boot:
1345 2411 1412 2440 secl.
1432 2410 1495 2440 hoc
1512 2408 1638 2446 Miiller,

315 2458 435 2489 Gtcrlt‘tt
539 2466 579 2496 25
597 2455 693 2486 τοῦτο
711 2454 751 2485 Μ
770 2454 973 2495 Weseubetg:
993 2455 1106 2485 rofam!
1117 2453 1204 2486 codd.
1219 2454 1317 2485 Bost':
1344 2453 1445 2493 τούτῳ
1460 2453 1643 2483 Gronovius
