1827 2798
106 926 144 949 10

100 1666 140 1689 20

572 159 683 198 EPP.
716 160 794 196 AD
823 159 1082 199 ATTICVM
1364 158 1483 195 XIII.
1506 157 1553 194 iv

167 274 350 317 quaestor
378 266 449 306 fuit
478 280 596 317 quarn
627 270 764 306 consul
795 269 1024 307 Mummius.
1084 269 1162 307 Sed
1192 267 1379 319 quoniam
1411 280 1490 305 sae-
1509 276 1534 304 2

166 332 252 382 pius
282 333 332 371 de
361 332 587 370 nominibus
617 333 769 382 quaeris
799 334 896 383 quid
924 336 1086 384 placeat,
1120 347 1192 384 ego
1226 346 1385 383 quoque
1419 331 1489 369 tibi

166 397 319 447 saepius
351 399 572 448 respondeo
602 399 766 448 placere.
836 398 876 436 Si
907 398 1003 447 quid
1037 399 1190 448 poteris,
1223 412 1314 437 cum
1346 398 1490 436 Pisone

165 462 375 508 conficies3
416 462 538 501 Avius
576 462 682 501 enim
715 462 869 501 videtur
902 463 942 501 in
976 463 1106 501 officio
1138 465 1299 501 futurus.
1358 461 1488 500 Velim

164 534 255 565 ante
289 527 425 577 possis,
462 527 494 565 si
526 527 665 574 minus,
702 527 839 576 utique
878 527 993 565 simul
1028 527 1148 565 simus
1188 541 1309 577 quom
1345 529 1488 565 Brutus

164 591 293 630 veniet
317 592 357 630 in
383 594 666 631 Tusculanum.
725 592 862 642 Magni
887 592 1045 630 interest
1071 606 1158 630 mea
1182 606 1260 630 una
1289 605 1361 630 nos
1391 605 1486 630 esse.

164 656 271 695 Scies
304 666 436 695 autem
475 657 543 707 qui
581 657 665 696 dies
703 657 734 696 is
773 659 924 696 futurus
964 657 1023 705 sit,
1060 657 1091 695 si
1126 670 1247 708 puero
1285 656 1486 707 negotium

164 721 318 760 dederis
348 730 390 760 ut
419 730 590 773 quaerat.

206 831 248 865 V
424 834 492 867 Ssr.
509 836 543 866 in
567 835 752 867 Tusculano
767 836 798 867 iv
812 835 900 867 Non.
921 835 997 867 Iun.
1018 847 1048 867 a.
1070 846 1129 877 709
1150 836 1232 878 (45).

577 912 747 944 CICERO
768 913 949 944 ATTICO
970 912 1078 945 SAL.

216 984 280 1033 Sp.
305 983 545 1022 Mummium
566 992 744 1034 putaram
764 984 805 1022 in
825 986 964 1023 decem
985 985 1119 1034 legatis
1147 985 1264 1024 fuisse
1291 987 1360 1031 sed
1385 986 1487 1025 vide·
1506 996 1522 1022 1

160 1048 250 1086 licet
286 1048 448 1097 (etenim
483 1050 654 1100 εὔλογον)
686 1049 790 1087 fratri
824 1049 952 1087 fuisse.
1013 1050 1102 1087 Fuit
1132 1049 1237 1087 enim
1267 1051 1317 1088 ad
1352 1050 1488 1090 Corin-

161 1114 284 1150 thum.
346 1113 438 1151 Misi
459 1113 530 1152 tibi
550 1115 808 1163 Torquatum.
869 1115 1121 1163 Conloquere
1148 1122 1190 1152 tu
1214 1114 1375 1164 quidem
1396 1128 1486 1152 cum

162 1177 266 1224 Silio,
290 1185 332 1215 ut
359 1177 504 1225 scribis,
531 1185 569 1216 et
596 1192 698 1228 urge.
760 1179 874 1216 Illam
905 1178 1011 1216 diem
1042 1179 1210 1228 negabat
1238 1192 1322 1217 esse
1352 1192 1487 1217 mense

163 1241 283 1288 Maio,
306 1241 420 1279 istam
441 1256 522 1280 non
542 1243 722 1292 negabat.
783 1244 861 1281 Sed
892 1250 933 1281 tu
963 1250 1004 1280 ut
1035 1243 1169 1281 omnia
1198 1243 1298 1281 istuc
1328 1257 1486 1293 quoque

159 1319 249 1355 ages
271 1306 486 1356 diligenter.
547 1309 609 1345 De
640 1307 781 1358 Crispo
802 1315 840 1346 et
863 1309 1036 1346 Mustela
1065 1308 1213 1346 scilicet
1240 1322 1361 1358 quom
1391 1308 1486 1358 quid

159 1372 291 1422 egeris.
353 1372 553 1421 Quoniam
574 1375 625 1412 ad
643 1373 753 1412 Bruti
774 1375 989 1412 adventum
1010 1375 1092 1412 fore
1113 1382 1150 1412 te
1171 1374 1379 1412 nobiscum
1406 1375 1487 1424 pol·
1506 1384 1529 1411 2

158 1436 293 1484 licens,
312 1437 403 1476 satis
425 1446 493 1485 est,
516 1438 743 1488 praesertim
764 1452 856 1477 cum
874 1439 915 1477 hi
935 1439 1006 1478 tibi
1027 1439 1110 1478 dies
1132 1439 1171 1477 in
1193 1452 1335 1490 magno
1353 1446 1486 1478 nostro

158 1502 317 1553 negotio
338 1511 629 1542 consumantur.

199 1653 267 1688 VI
327 1657 396 1690 Ser.
412 1657 560 1689 Asturae
576 1658 659 1690 med.
682 1669 727 1688 m.
746 1658 863 1697 Mam,
882 1661 918 1688 ut
932 1657 1066 1696 videtur,
1083 1668 1114 1690 a.
1134 1667 1192 1699 709
1213 1658 1290 1699 (45).

558 1746 731 1778 CICERO
762 1745 947 1777 ATTICO
976 1745 1083 1776 SAL.

212 1837 274 1875 De
305 1850 431 1887 aquae
466 1839 588 1876 ductu
627 1838 751 1888 probe
785 1835 921 1875 fecisti.
983 1835 1282 1874 Columnarium
1313 1835 1402 1874 vide
1434 1849 1483 1874 ne
1503 1847 1519 1873 1

156 1902 307 1938 nullum
337 1903 577 1950 debeamus3
612 1915 853 1952 quamquam
885 1899 982 1938 mihi
1011 1898 1147 1937 videor
1174 1899 1332 1938 audisse
1361 1914 1384 1938 a
1413 1901 1484 1940 Ca-

157 1965 264 2003 millo
310 1975 592 2006 commutatam
632 1981 716 2006 esse
754 1969 891 2017 legem.
971 1965 1105 2003 Pisoni
1144 1963 1240 2013 quid
1279 1972 1336 2002 est
1375 1965 1526 2014 quod2

157 2030 359 2069 honestius
388 2034 625 2081 respondere
654 2032 849 2082 possimus
875 2045 993 2081 quam
1016 2029 1269 2068 solitudinem
1292 2029 1483 2067 Catonis?

157 2096 243 2133 Nec
267 2096 526 2134 coheredibus
557 2098 683 2134 solum
709 2095 975 2134 Herennianis
1005 2096 1075 2133 sed
1103 2093 1231 2140 etiam,
1255 2100 1297 2130 ut
1324 2093 1397 2131 scis
1423 2094 1482 2144 (tu

202 2208 235 2228 rr
262 2200 322 2229 sed
340 2199 398 2231 dcl.
418 2199 505 2230 Reid
623 2201 782 2232 videlicet
798 2201 895 2241 codd,
915 2202 951 2242 cs]
972 2213 999 2232 v.
1022 2212 1069 2233 11.
1091 2213 1128 2240 7:
1154 2201 1310 2233 videlicet
1327 2199 1480 2242 <err-avi)

158 2240 347 2282 IVescnbcrg
458 2254 496 2274 12
521 2244 645 2274 etenim
663 2243 816 2284 εὔλογον]
834 2255 909 2275 eum
927 2245 1071 2284 legatum
1092 2246 1249 2276 Graevius
1366 2255 1403 2282 14
1429 2243 1479 2284 et]

153 2286 214 2315 sed
236 2285 263 2314 L
287 2287 426 2325 suzam.)
448 2298 476 2319 v.
497 2298 519 2317 c.
655 2297 697 2318 20
721 2289 753 2317 in
779 2288 964 2319 Tusculano
985 2289 1016 2319 iv
1035 2289 1119 2319 Non.
1144 2289 1219 2319 Iun.
1241 2289 1395 2328 scriptam
1418 2298 1482 2318 esse

153 2328 239 2359 hanc
253 2330 425 2368 epislulam
438 2333 536 2370 putat
547 2329 678 2361 Schiche
692 2332 751 2371 (μή
763 2337 806 2372 ep.
825 2332 844 2362 6
859 2343 924 2362 non
941 2332 1063 2363 divisit:
1083 2332 1140 2362 sed
1150 2332 1220 2363 vide
1231 2331 1382 2362 Sclmn'dt
1398 2331 1482 2361 ‘Der

153 2371 397 2411 Briefwechselss
413 2378 445 2413 p.
467 2384 526 2413 311
652 2384 693 2413 23
717 2385 737 2405 a
753 2374 828 2406 add.
845 2379 916 2406 vett.
1041 2377 1082 2407 26
1106 2376 1148 2406 de
1165 2379 1240 2406 ante
1256 2375 1479 2406 coheredibus

153 2414 228 2446 add.
248 2414 436 2457 lsVcscnbetg
538 2417 732 2449 Brinnianis
748 2418 828 2450 coni.
844 2418 946 2450 Orelli

197 2479 259 2501 εις.
279 2481 326 2501 An
344 2481 416 2502 Λττ.
1351 2475 1391 2506 29
