1827 2798
606 141 717 178 EPP.
749 140 828 177 AD
856 140 1116 179 ATTICVM
1433 139 1534 177 XII.
1558 139 1666 176 xxiv

202 264 266 289 me
295 249 440 289 scribas
466 249 594 289 velim.
655 252 704 289 Et
735 258 777 289 ut
805 252 856 290 ad
885 264 991 289 meas
1020 249 1186 300 ineptias
1216 251 1388 298 redeam,
1409 249 1525 288 velim
1545 259 1570 288 2

203 329 267 354 me
305 316 508 354 certiorem
551 316 669 354 facias
709 318 750 355 P.
792 317 954 355 Crassus
986 317 1202 356 Venuleiae
1244 316 1346 354 filius
1385 314 1526 352 vivone

202 382 243 418 P.
271 382 414 419 Crasso
447 380 641 419 consulari
668 389 776 431 patre
811 395 882 419 suo
920 389 1096 419 mortuus
1128 381 1186 428 sit,
1214 389 1257 420 ut
1286 394 1359 430 ego
1392 379 1526 418 memi-

201 444 305 483 nisse
321 445 466 492 videor,
483 458 534 482 an
550 453 695 495 postea.
748 447 849 484 Item
874 459 1020 495 quaero
1040 447 1090 484 de
1110 446 1264 496 Regillo
1283 444 1423 494 Lepidi
1444 444 1525 483 filio

162 523 179 554 5
200 516 356 547 rectene
388 509 633 547 meminerim
665 518 773 560 patre
803 510 891 548 vivo
923 518 1133 548 mortuum.
1193 510 1380 560 Cispiana
1410 509 1526 559 expli·
1545 518 1570 554 3

200 573 308 611 cabis
328 573 502 623 itemque
523 574 720 613 Preciana.
778 576 840 613 De
860 574 992 612 Attica
1012 574 1171 624 optime.
1231 576 1283 613 Et
1303 574 1339 613 ei
1359 575 1526 613 salutem

200 638 307 677 dices
329 646 367 677 et
388 639 518 677 Piliae.

242 739 371 774 XXV
509 742 577 775 Ser.
598 743 744 774 Asturae
758 744 807 775 xii
821 744 864 775 K.
885 743 971 785 Apr.
991 754 1021 775 α.
1043 754 1101 785 709
1121 742 1203 786 (45).

602 819 774 851 CICERO
795 819 977 850 ATTICO
999 819 1106 851 SAL.

142 910 181 933 10
254 895 415 946 Scripsit
438 897 490 934 ad
517 910 580 934 me
600 896 806 946 diligenter
826 896 937 934 Sicca
957 897 1008 934 de
1029 896 1123 935 Silio
1151 909 1271 946 seque
1299 896 1351 935 ad
1378 902 1416 934 te
1443 909 1524 934 rem
1546 906 1564 934 1

200 962 410 1009 detulisse3
440 963 548 1011 quod
576 969 617 999 tu
644 960 749 999 idem
779 960 925 998 scribis.
986 960 1087 998 Mihi
1117 968 1155 999 et
1185 974 1243 998 res
1274 967 1312 998 et
1340 959 1525 998 condicio

199 1027 327 1075 placet
369 1027 438 1063 sed
477 1025 530 1063 ita
568 1032 610 1062 ut
648 1032 853 1062 numerato
901 1024 1033 1062 malim
1073 1037 1192 1074 quam
1238 1023 1522 1062 aestimatione.

199 1090 449 1140 Voluptarias
488 1089 592 1127 enirn
633 1088 901 1138 possessiones
940 1090 1047 1126 nolet
1086 1088 1227 1135 Si1ius;
1269 1087 1523 1137 vectigalibus

198 1162 330 1192 autem
360 1161 402 1191 ut
431 1153 491 1191 his
522 1166 683 1203 possum
718 1166 803 1191 esse
834 1160 1043 1190 contentus
1074 1166 1175 1202 quae
1209 1153 1349 1199 habeo,
1379 1151 1434 1190 sic
1463 1152 1526 1190 vix

142 1233 178 1263 15
199 1218 426 1256 minoribus.
485 1218 603 1256 Vnde
641 1231 732 1267 ergo
771 1219 1006 1255 numerato?
1063 1218 1134 1255 HS
1164 1228 1218 1255 DC
1247 1216 1440 1266 exprimes
1473 1217 1525 1255 ab

198 1284 465 1332 Hermogene,
499 1295 590 1320 cum
628 1281 854 1332 praesertim
893 1294 1054 1320 necesse
1088 1281 1159 1319 erit
1193 1288 1231 1319 et
1264 1280 1375 1319 domi
1407 1281 1524 1320 video

197 1361 282 1386 esse
312 1349 382 1386 Hs
407 1359 471 1385 Dc.
531 1346 724 1396 Reliquae
752 1345 944 1396 pecuniae
972 1347 1033 1384 vel
1063 1359 1220 1384 usuram
1252 1345 1346 1384 Silio
1380 1347 1526 1396 pende-

198 1425 293 1458 mus,
328 1413 423 1450 dum
462 1425 485 1450 a
515 1411 681 1450 Faberio
714 1412 775 1449 vel
806 1424 896 1448 cum
935 1410 1068 1460 aliquo
1107 1409 1175 1460 qui
1207 1410 1373 1448 Faberio
1404 1411 1524 1449 debet

196 1476 586 1526 repraesentabimus,
646 1475 730 1514 Erit
750 1474 867 1513 etiam
888 1475 1037 1524 aliquid
1057 1475 1252 1513 alicunde.
1301 1476 1380 1513 Sed
1400 1482 1524 1513 totam

140 1555 179 1577 20
197 1554 278 1579 rem
300 1548 341 1578 tu
367 1540 614 1590 gubernabis.
675 1539 879 1578 Drusianis
903 1553 995 1577 vero
1021 1539 1144 1578 hortis
1171 1540 1296 1577 multo
1322 1547 1522 1589 antepono
1543 1552 1567 1579 2

197 1619 326 1655 neque
347 1612 437 1643 sunt
458 1618 646 1654 umquam
669 1603 894 1654 comparati.
949 1603 1051 1641 Mihi
1073 1604 1200 1650 crede,
1223 1617 1302 1641 una
1323 1617 1384 1641 me
1405 1617 1524 1641 causa

197 1677 328 1708 movet
348 1669 388 1707 in
409 1683 487 1719 qua
507 1669 588 1707 scio
609 1683 672 1707 me
692 1669 940 1718 τετυφῶσθαι.
998 1668 1086 1714 Sed,
1110 1674 1153 1705 ut
1176 1666 1282 1714 facis,
1305 1668 1523 1717 obsequere

197 1735 288 1773 huic
309 1734 425 1773 errori
446 1748 547 1773 meo.
606 1736 710 1772 Nam
731 1735 840 1784 quod
868 1732 1004 1772 scribis
1024 1735 1034 1753 ‘
1049 1733 1266 1785 ἐγγήραμα,’
1285 1738 1418 1770 actum
1445 1731 1522 1771 iam

196 1801 246 1838 de
266 1799 341 1838 isto
362 1806 419 1838 est
433 1813 443 1847 3
472 1799 548 1837 alia
568 1799 690 1849 magis
711 1812 869 1849 quaero.

140 1915 176 1946 25
238 1906 393 1941 XXVI
523 1910 593 1942 Ser.
613 1911 760 1942 Asturae
774 1911 812 1941 xi
823 1910 866 1942 K.
885 1910 969 1951 Apr.
989 1921 1020 1942 a.
1042 1920 1101 1952 709
1119 1909 1200 1952 (45).

602 1984 772 2016 CICERO
802 1984 984 2016 ATTICO
1006 1983 1116 2015 SAL.

251 2057 373 2105 Sicca,
400 2065 443 2096 ut
472 2058 615 2106 scribit,
645 2059 762 2097 etiam
792 2058 823 2097 si
853 2058 950 2097 nihil
981 2058 1195 2098 confecerit
1226 2071 1317 2097 cum
1344 2060 1390 2096 A.
1414 2058 1520 2106 Silio,
1540 2071 1558 2099 1

197 2129 330 2161 tamen
354 2136 395 2160 se
422 2123 554 2161 scribit
581 2135 609 2161 x
632 2125 719 2161 Kal.
743 2136 827 2161 esse
853 2130 1072 2161 venturum.
1131 2122 1228 2161 Tuis
1258 2122 1524 2172 occupationi-

241 2236 260 2263 4
286 2230 405 2264 postea
423 2228 446 2255 Σ
464 2225 549 2256 Crat.
567 2237 573 2255 ε
603 2229 678 2265 post
695 2230 723 2255 Δ
864 2226 885 2254 6
910 2224 951 2254 Et
969 2223 1063 2255 Man.
1080 2235 1088 2255 ι
1112 2225 1145 2255 id
1160 2224 1249 2256 codd.
1390 2235 1425 2265 17
1452 2225 1521 2267 vel]

197 2268 297 2298 velim
313 2269 402 2305 (cum
420 2269 622 2307 pendamus)
637 2268 809 2299 Schmidt:
832 2267 891 2299 dcl.
908 2268 1035 2307 Kayser
1135 2269 1174 2298 18
1198 2278 1271 2299 curn
1290 2268 1350 2299 M:
1374 2270 1415 2299 ab
1432 2270 1519 2309 vulg.

201 2321 238 2349 19
262 2311 396 2341 aliunde
412 2312 433 2341 I
564 2323 606 2342 20
630 2312 693 2342 hos
704 2315 780 2352 post
795 2311 900 2341 multo
917 2310 992 2341 add.
1012 2310 1132 2343 Lamb.
1273 2322 1311 2342 21
1338 2313 1522 2352 comparati

198 2353 290 2385 Man.
310 2365 317 2385 :
341 2360 409 2386 -ata
427 2354 469 2385 All
575 2366 614 2395 27
641 2360 676 2385 ut
693 2355 807 2385 scribit
822 2354 880 2386 del.
900 2353 986 2385 Boot
