1827 2798
220 128 315 167 XII.
334 130 508 167 xxxviii
708 131 764 168 M.
796 131 964 168 TVLLI
996 131 1302 171 CICERONIS

341 253 422 278 non
453 239 695 289 exspectarit,
727 253 817 277 cum
846 240 898 278 ob
925 254 1013 278 eam
1043 255 1163 279 unam
1195 255 1354 281 causam
1385 243 1528 283 missus
1560 252 1673 283 esset.

342 306 461 343 Nunc
491 304 663 354 quidem,
688 303 761 342 nisi
792 304 888 354 quid
916 312 954 343 te
982 306 1117 353 tenuit,
1141 306 1317 357 suspicor
1341 315 1378 346 te
1408 322 1492 347 esse
1522 308 1561 346 in
1590 309 1677 347 sub-

343 370 505 407 urbano.
576 370 630 406 At
664 383 737 419 ego
767 369 831 407 hic
866 369 1077 409 scribendo
1106 371 1190 409 dies
1222 379 1326 411 totos
1357 372 1454 411 nihil
1490 372 1675 423 equidem

344 435 450 471 levor
470 434 540 472 sed
561 440 694 472 tamen
713 434 863 473 aberro.

300 506 324 532 2
397 498 559 537 Asinius
589 499 716 538 Pollio
742 501 792 538 ad
819 513 882 538 me
908 499 1061 550 scripsit
1081 502 1131 540 de
1152 500 1308 551 impuro
1331 510 1466 541 nostro
1494 510 1675 552 cognato.
1697 515 1714 546 5

344 564 466 612 Quod
496 564 644 602 Balbus
674 564 803 603 minor
832 579 956 615 nuper
985 565 1077 603 satis
1106 568 1234 615 plane,
1259 567 1467 605 Dolabella
1497 568 1675 617 obscure,

342 627 405 666 hic
452 628 706 679 apertissime.
778 632 935 668 Ferrem
973 630 1140 680 graviter
1178 631 1209 669 si
1248 645 1374 670 novae
1413 632 1678 682 aegrimoniae

341 695 451 731 locus
490 701 602 732 esset.
663 695 741 733 Sed
775 702 908 732 tamen
943 695 1087 745 ecquid
1122 695 1345 746 impurius?
1402 697 1438 735 O
1473 696 1677 735 hominem

344 759 589 796 cavendum!
676 760 930 809 Quamquam
989 759 1085 797 mihi
1143 760 1432 810 quidem—sed
1480 763 1677 800 tenendus

340 824 454 861 dolor
483 830 551 862 est.
610 825 685 871 Tu,
712 824 901 874 quoniam
936 838 1098 863 necesse
1127 824 1224 863 nihil
1254 833 1323 873 est,
1353 825 1408 864 sic
1438 826 1583 865 scribes
1612 826 1677 865 ali·
1698 841 1737 864 10

341 888 436 938 quid
468 888 500 926 si
531 888 700 927 vacabis.

383 1032 631 1068 XXXVIII
650 1045 675 1068 a
720 1035 791 1068 Ser.
808 1037 957 1068 Asturae
972 1036 1059 1069 Non.
1079 1036 1162 1070 Mai.
1183 1049 1214 1070 α.
1233 1048 1292 1079 709
1312 1038 1347 1080 (4
1347 1038 1396 1080 5).

744 1125 917 1157 CICERO
946 1125 1129 1157 ATTICO
1161 1126 1268 1158 SAL.

221 1226 237 1252 1
265 1215 314 1259 (3)
395 1215 516 1262 Quod
544 1221 658 1264 putas
679 1222 859 1264 oportere
880 1214 1073 1264 pervideri
1101 1214 1177 1252 iam
1205 1214 1325 1252 animi
1351 1214 1428 1254 mei
1450 1215 1672 1255 firmitatem

337 1279 571 1329 graviusque
592 1281 787 1329 quosdam
809 1279 944 1317 scribis
972 1280 1022 1317 de
1050 1293 1113 1317 me
1140 1279 1248 1329 loqui
1276 1293 1395 1329 quam
1422 1287 1488 1318 aut
1518 1288 1556 1319 te
1586 1281 1673 1319 scri·
1695 1297 1732 1328 15

338 1344 430 1382 bere
458 1351 526 1381 aut
557 1346 737 1391 Brutum,
764 1343 795 1381 si
820 1343 887 1393 qui
917 1357 980 1381 me
1008 1344 1173 1382 fractum
1201 1357 1286 1381 esse
1316 1343 1450 1382 animo
1475 1352 1513 1382 et
1538 1345 1674 1383 debili—

337 1416 461 1446 tatum
476 1417 615 1458 putant
629 1408 753 1446 sciant
767 1408 864 1458 quid
880 1408 1095 1446 litterarum
1109 1416 1147 1447 et
1161 1408 1271 1446 cuius
1284 1408 1436 1458 generis
1450 1409 1670 1457 conficiam,

336 1475 467 1520 credo,
491 1474 522 1512 si
544 1475 666 1512 modo
688 1473 870 1512 homines
892 1473 979 1520 sint,
1005 1472 1228 1511 existiment
1251 1486 1325 1521 me,
1349 1472 1429 1511 sive
1450 1473 1503 1511 ita
1523 1476 1672 1514 levatus

337 1539 409 1577 sim
431 1547 472 1577 ut
493 1539 670 1577 animum
691 1553 862 1577 vacuum
883 1540 934 1577 ad
955 1552 1015 1577 res
1036 1538 1204 1577 difficilis
1227 1538 1454 1577 scribendas
1482 1540 1669 1588 adferam,

337 1605 709 1654 reprehendendum
731 1617 812 1641 non
834 1617 928 1650 esse,
954 1602 1034 1641 sive
1058 1604 1162 1641 hanc
1182 1602 1471 1641 aberrationem
1492 1617 1515 1641 a
1535 1605 1671 1643 dolore
1694 1617 1733 1638 20

337 1669 549 1719 delegerim
597 1682 700 1719 quae
742 1668 911 1706 maxime
956 1668 1125 1707 liberalis
1174 1668 1222 1706 sit
1270 1669 1471 1717 doctoque
1510 1668 1671 1708 homine

215 1743 240 1771 2
261 1734 312 1774 (4)
337 1732 577 1784 dignissima,
610 1733 759 1772 laudari
789 1747 853 1772 me
884 1733 1001 1772 etiam
1034 1741 1225 1784 oportere.
1286 1734 1363 1771 Sed
1396 1746 1487 1771 cum
1519 1747 1592 1783 ego
1621 1735 1672 1772 fa-

336 1799 437 1837 ciam
472 1798 607 1837 omnia
640 1812 741 1848 quae
773 1799 900 1837 facere
939 1798 1087 1848 possim
1127 1799 1178 1836 ad
1218 1811 1281 1836 me
1314 1799 1591 1845 adlevandum,
1629 1807 1670 1837 tu

334 1865 444 1902 effice
464 1864 505 1902 id
526 1865 635 1914 quod
656 1863 772 1902 video
793 1871 831 1902 te
852 1877 933 1902 non
956 1863 1086 1901 minus
1107 1876 1226 1912 quam
1248 1876 1311 1901 me
1332 1863 1517 1901 laborare.
1577 1865 1670 1902 Hoc

334 1929 431 1967 mihi
465 1930 610 1968 debere
648 1928 785 1967 videor
823 1942 952 1978 neque
991 1927 1109 1967 levari
1144 1941 1259 1977 posse
1297 1926 1372 1965 nisi
1412 1929 1564 1966 solvero
1601 1936 1669 1967 aut
1689 1940 1728 1973 25

334 1994 469 2032 videro
490 2007 553 2032 me
574 2007 689 2044 posse
710 1995 871 2040 solvere,
894 1993 935 2031 id
956 2001 1015 2032 est
1035 1995 1167 2031 locum
1189 1993 1345 2042 qualem
1367 1994 1449 2030 volo
1468 1992 1665 2032 invenero.

336 2060 517 2097 Heredes
548 2060 739 2108 Scapulae
769 2058 801 2096 si
832 2060 926 2096 istos
956 2060 1102 2105 hortos,
1126 2064 1168 2095 ut
1197 2056 1333 2095 scribis
1364 2056 1435 2095 tibi
1465 2058 1668 2096 Othonem

335 2122 492 2171 dixisse,
523 2123 698 2174 partibus
739 2130 924 2173 quattuor
963 2121 1074 2161 sactis
1112 2121 1218 2160 liceri
1258 2120 1441 2172 cogitant,
1474 2121 1570 2159 nihil
1610 2130 1668 2161 est

382 2237 420 2256 12
443 2227 618 2267 epistulam
645 2237 767 2256 novam
793 2227 904 2267 incipit
927 2226 1059 2257 Scln'clze
1170 2226 1208 2255 18
1232 2230 1310 2256 sunt
1332 2224 1519 2265 lVesenberg
1627 2235 1665 2256 21

336 2280 422 2309 quae
441 2270 584 2300 maxime
609 2270 756 2300 liberalis
780 2271 823 2300 sit
843 2270 1005 2300 Vrsinus:
1029 2279 1116 2309 quae
1142 2268 1285 2299 maxime
1303 2268 1536 2298 liberalissima
1552 2267 1640 2300 codd.
1660 2280 1667 2299 :

336 2314 489 2353 maxime,
509 2324 597 2352 quae
615 2313 852 2344 liberalissima
869 2312 898 2342 L
917 2314 1057 2353 (marg.)
1073 2324 1080 2343 τ
1108 2323 1195 2351 quae
1220 2313 1363 2342 maxima
1383 2316 1416 2341 et
1434 2311 1666 2342 liberalissima

335 2356 422 2386 Reid
506 2367 548 2395 23
573 2367 711 2397 possum
729 2355 919 2398 Wesenberg
1005 2357 1048 2387 26
1066 2356 1141 2387 volo
1158 2355 1235 2387 add.
1253 2354 1275 2385 I
1286 2367 1293 2387 :
1317 2355 1415 2386 velim
1432 2354 1508 2386 add.
1524 2354 1666 2386 Miillcr:

335 2410 403 2432 om.
420 2399 462 2430 M
