1827 2798
173 164 241 200 IX.
264 162 312 199 ix
644 157 698 195 M.
731 156 899 194 TVLLI
931 154 1238 194 CICERONIS

264 272 424 309 Cosano
455 268 503 307 sit
533 276 571 307 et
601 266 809 306 consilium
840 265 923 304 eius
951 264 1158 315 ignoretur.
1219 267 1299 304 Iste
1326 265 1504 304 omnium
1530 273 1603 304 tur-

263 334 446 384 pissimus
472 341 509 371 et
540 331 832 370 sordidissimus
853 330 921 379 qui
948 329 1168 368 consularia
1194 330 1355 369 comitia
1380 344 1402 369 a
1426 338 1603 380 praetore

263 399 315 437 ait
336 397 471 435 haberi
497 410 612 446 posse
642 403 700 434 est
727 395 791 433 ille
818 395 924 433 idern
946 394 1013 444 qui
1040 408 1194 444 semper
1220 394 1260 432 in
1281 409 1320 434 re
1340 395 1498 445 publica
1519 395 1600 433 fuit.

265 464 405 511 Itaque
437 461 621 498 nimirum
661 462 738 498 hoc
770 459 867 497 illud
901 467 959 497 est
991 460 1099 509 quod
1132 460 1276 498 Caesar
1307 460 1440 498 scribit
1478 459 1518 497 in
1558 472 1604 498 ea

263 526 429 576 epistula
460 525 569 564 cuius
597 526 821 574 exemplum
851 525 901 562 ad
929 532 967 562 te
997 523 1094 571 misi,
1119 537 1160 562 se
1183 526 1282 563 velle
1309 524 1365 563 uti
1389 527 1398 544 ⁶
1416 524 1603 563 consilio'

264 605 353 629 meo
385 590 485 641 (age,
515 598 627 637 esto3
664 591 741 628 hoc
776 602 988 628 commune
1018 587 1108 639 est),
1140 589 1304 638 ‘gratia'
1335 589 1530 640 (ineptum
1563 589 1604 628 id

263 655 426 704 quidem
465 656 546 701 sed,
594 662 701 704 puto,
743 655 820 692 hoc
859 653 1017 691 simulat
1054 654 1105 691 ad
1144 655 1337 703 quasdam
1376 661 1602 692 senatorum

264 719 506 769 sententias)⁷
533 718 770 768 ‘dignitate’
796 718 976 769 (fortasse
997 717 1191 756 sententia
1212 719 1437 770 consulari).
1496 720 1601 757 Illud

264 792 480 822 extremum
524 791 594 827 est,
643 786 745 833 ‘ope
784 783 963 822 omnium
1002 784 1154 821 rerum.'
1214 784 1263 821 Id
1301 797 1374 833 ego
1413 783 1600 833 suspicari

264 848 376 898 coepi
398 856 480 886 tum
503 861 548 886 ex
569 847 644 885 tuis
665 847 799 886 litteris
826 855 893 885 aut
921 849 996 885 hoc
1023 846 1151 897 ipsum
1173 860 1258 885 esse
1282 855 1349 885 aut
1374 861 1454 885 non
1475 849 1600 886 multo

264 926 386 951 secus.
447 914 551 950 Nam
583 912 784 962 permagni
823 912 906 950 eius
944 912 1104 951 interest
1136 925 1217 950 rem
1251 913 1302 950 ad
1335 911 1599 962 interregnum

264 991 344 1016 non
383 976 525 1016 venire.
605 978 653 1016 Id
691 977 930 1027 adsequitur,
971 977 1002 1015 si
1047 991 1115 1027 per
1159 985 1377 1027 praetorem
1419 977 1601 1015 consules

264 1049 455 1080 creantur.
514 1044 598 1081 Nos
618 1050 751 1080 autem
772 1042 811 1080 in
833 1042 940 1080 libris
960 1042 1153 1081 habemus
1175 1056 1255 1080 non
1278 1043 1398 1080 modo
1419 1043 1602 1080 consules

265 1120 287 1144 a
316 1114 494 1156 praetore
524 1108 593 1145 sed
625 1119 675 1144 ne
708 1115 905 1156 praetores
940 1107 1101 1156 quidem
1137 1107 1256 1145 creari
1287 1106 1346 1144 ius
1376 1120 1461 1145 esse
1481 1106 1602 1156 idque

263 1172 408 1209 factum
448 1184 533 1210 esse
573 1184 815 1221 numquam;
862 1173 1043 1210 consules
1082 1184 1130 1210 eo
1164 1185 1245 1209 non
1279 1184 1363 1210 esse
1395 1170 1454 1209 ius
1493 1171 1601 1220 quod

264 1235 388 1273 maius
428 1235 634 1285 imperium
673 1249 696 1273 a
735 1235 886 1274 minore
924 1235 1048 1286 rogari
1086 1249 1167 1274 non
1206 1236 1254 1274 sit
1293 1236 1363 1282 ius,
1405 1244 1602 1286 praetores

262 1307 393 1338 autem
425 1302 533 1350 quod
563 1300 615 1338 ita
644 1308 828 1350 rogentur
857 1308 899 1338 ut
929 1303 1116 1351 conlegae
1145 1301 1373 1339 consulibus
1403 1300 1479 1339 sint
1510 1314 1604 1350 quo-

262 1379 348 1402 rum
380 1373 437 1403 est
472 1365 596 1403 maius
631 1365 850 1416 imperium.
910 1366 1048 1405 Aberit
1079 1380 1159 1404 non
1194 1368 1309 1416 longe
1344 1366 1439 1416 quin
1471 1368 1547 1405 hoc
1580 1379 1604 1404 a

263 1444 325 1469 me
347 1430 505 1469 decerni
521 1430 612 1469 velit
633 1444 762 1481 neque
783 1430 831 1469 sit
847 1439 1056 1470 contentus
1078 1432 1216 1479 Galba,
1233 1433 1430 1479 Scaevola,
1449 1431 1599 1480 Cassio,

263 1495 452 1543 Antonio>

613 1561 706 1599 Τότε
724 1579 788 1610 μοι
806 1562 913 1612 χάνοι
934 1563 1052 1611 εὐρεῖα
1061 1562 1184 1613 χθώνῙ

320 1627 396 1663 Sed
427 1633 574 1675 quanta
600 1633 812 1676 tempestas
837 1626 1063 1676 impendeat
1090 1626 1210 1665 vides.
1271 1626 1349 1675 Qui
1382 1626 1602 1666 transierint

265 1698 463 1728 senatores
496 1690 664 1728 scribam
694 1692 745 1728 ad
773 1699 810 1729 te
840 1704 930 1729 cum
960 1699 1110 1729 certum
1140 1691 1308 1729 habebo.
1370 1693 1431 1729 De
1461 1705 1500 1730 re
1529 1693 1603 1729 fru-

264 1754 453 1793 mentaria
474 1763 577 1793 recte
598 1755 789 1805 intellegis
815 1769 917 1806 quae
944 1758 1053 1794 nullo
1081 1757 1202 1794 modo
1226 1756 1488 1794 administrari
1518 1757 1602 1795 sine

261 1820 516 1870 vectigalibus
538 1829 690 1871 potest;
723 1836 795 1860 nec
823 1822 906 1861 sine
936 1835 1054 1861 causa
1081 1830 1119 1861 et
1139 1836 1207 1861 eos
1234 1822 1301 1872 qui
1323 1822 1468 1861 circum
1491 1822 1601 1861 illum

262 1894 352 1923 sunt
383 1886 516 1923 omnia
546 1888 779 1935 postulantis
805 1895 842 1925 et
872 1888 1018 1926 bellum
1051 1887 1241 1926 nefarium
1273 1887 1399 1926 times.
1457 1888 1602 1926 Treba·

261 1951 358 1989 tium
398 1959 586 1998 nostrum,
629 1953 710 1999 etsi,
753 1961 794 1990 ut
834 1953 980 2000 scribis,
1014 1953 1111 1991 nihil
1152 1954 1252 1992 bene
1292 1961 1430 2004 sperat,
1468 1962 1601 1992 tamen

261 2016 392 2054 videre
422 2030 515 2054 sane
536 2017 663 2055 velim.
725 2020 857 2066 Quem
884 2020 944 2056 fac
976 2018 1137 2056 horteris
1165 2026 1206 2056 ut
1227 2027 1432 2068 properet3
1462 2032 1603 2069 oppor-

261 2088 354 2118 tune
394 2081 499 2119 enim
537 2083 587 2119 ad
628 2096 690 2120 me
721 2091 812 2121 ante
846 2085 1060 2122 adventum
1103 2083 1279 2122 Caesaris
1318 2083 1479 2122 venerit.
1539 2085 1601 2122 De

262 2146 482 2193 Lanuvino,
520 2147 650 2184 statim
691 2156 731 2185 ut
771 2148 904 2186 audivi
944 2150 1160 2186 Phameam
1203 2156 1413 2196 mortuum,
1454 2148 1635 2198 optavi,5

261 2209 291 2247 si
331 2212 452 2248 modo
491 2219 593 2249 esset
633 2214 759 2251 futura
798 2227 856 2251 res
896 2214 1064 2264 publica,
1106 2221 1148 2252 ut
1187 2213 1227 2252 id
1274 2214 1413 2258 alionis
1453 2221 1599 2253 emeret

305 2322 324 2350 3
360 2313 414 2342 ille
450 2314 536 2343 idem
571 2314 688 2345 Orelli:
726 2316 781 2345 ille
812 2315 866 2346 M¹
894 2318 981 2347 (cum
1014 2318 1100 2347 idom
1127 2322 1284 2357 superscr.
1315 2317 1355 2347 ab
1381 2316 1448 2349 M²5
1476 2328 1483 2347 τ
1508 2317 1597 2347 idem

262 2354 375 2385 Romu:
404 2357 459 2386 ille
478 2358 611 2395 quidem
631 2358 751 2389 Rosius
897 2361 918 2389 8
942 2361 1138 2390 sententiae
1153 2364 1220 2390 velt.
1333 2360 1502 2390 consulari
1524 2361 1596 2391 Cor-

263 2398 385 2429 radus:
411 2400 492 2430 -aris
510 2400 550 2430 M
564 2405 634 2432 vett.
769 2412 806 2441 31
836 2408 964 2434 emeret
982 2403 1002 2433 I
1017 2404 1103 2434 Cmt.
1126 2403 1260 2434 Lamb.:
1290 2414 1355 2434 om.
1378 2403 1419 2434 M

1624 536 1641 567 5

1624 860 1660 882 10

1625 1182 1661 1215 15

1621 1508 1662 1530 20
