1827 2798
156 117 264 156 XVI.
284 117 362 155 xvi
379 129 401 156 B
668 116 725 153 Μ.
756 113 926 152 TVLLI
956 112 1263 152 CICERONIS

305 229 434 280 posita
462 234 552 266 sunt
583 240 662 265 non
693 232 904 272 serventur,
933 238 1118 276 magnam
1146 223 1483 275 perturbationem
1511 237 1640 264 rerum

259 295 397 338 9fore.
464 292 662 342 Equidem
701 305 792 330 cum
831 292 955 329 multa
981 290 1108 341 (quod
1146 303 1308 329 necesse
1347 298 1427 329 erat
1460 291 1500 329 in
1534 298 1643 329 tanta

307 357 586 408 occupatione)
617 370 699 395 non
733 357 950 407 probentur
977 369 1078 406 quae
1113 356 1259 395 Caesar
1291 355 1478 403 statuerit,
1510 363 1642 394 tamen

307 422 361 461 oti
396 422 583 471 pacisque
621 434 740 459 causa
776 420 964 459 acerrime
998 421 1064 459 illa
1097 432 1206 459 soleo
1239 421 1462 459 defendere.
1523 420 1644 468 Quod

307 487 378 525 tibi
399 486 505 525 idem
527 499 671 536 magno
692 499 811 536 opere
831 485 1057 523 faciendum
1086 498 1256 533 cense03
1284 498 1526 534 quamquam
1547 485 1644 522 haec
1665 495 1681 527 5

307 551 474 602 epistula
500 564 581 589 non
612 550 781 588 suasoris
807 557 866 588 est
893 551 961 588 sed
991 549 1190 599 rogatoris.
1251 548 1383 598 Igitur,
1407 548 1460 586 mi
1486 550 1642 596 Plance,

306 628 403 665 rogo
432 622 470 654 te
499 622 537 653 et
567 615 685 653 etiam
720 628 800 661 oro,
832 614 887 652 sic
927 613 1082 652 medius
1116 613 1233 651 fidius
1262 621 1306 651 ut
1335 613 1481 652 maiore
1513 613 1644 652 studio

308 680 511 730 magisque
537 693 584 718 ex
609 679 744 717 animo
770 692 884 729 agere
911 692 992 717 non
1019 677 1179 728 possim,
1203 685 1245 716 ut
1271 684 1399 715 totum
1427 679 1503 716 hoc
1529 691 1646 728 nego-

307 745 405 784 tium
436 745 489 783 ita
521 758 624 794 agas,
656 743 708 782 ita
738 751 889 790 tractes,
919 744 972 781 ita
1002 743 1188 782 conficias
1222 750 1275 790 ut,
1307 744 1416 792 quod
1448 743 1532 781 sine
1566 744 1645 781 ulla

307 809 556 850 dubitatione
598 810 705 859 apud
744 810 927 847 consules
970 808 1216 847 obtinuimus
1252 816 1411 858 propter
1448 821 1644 846 summam
1666 824 1705 846 10

308 875 526 913 bonitatem
556 881 594 912 et
617 873 857 923 aequitatem
887 887 1038 919 causae,
1069 873 1110 911 id
1139 881 1181 911 tu
1211 886 1282 911 nos
1317 873 1535 911 obtinuisse
1563 886 1644 911 non

307 941 430 979 modo
451 939 564 978 facile
584 939 732 989 patiare
753 939 823 977 sed
844 938 961 977 etiam
983 939 1165 989 gaudeas.
1217 939 1310 986 Qua
1329 938 1490 988 quidem
1511 940 1645 976 volun-

309 1013 388 1044 tate
418 1010 450 1042 te
479 1018 565 1044 esse
594 1017 684 1054 erga
713 1004 890 1042 Atticum
923 1017 1041 1053 saepe
1070 1017 1254 1053 praesens
1287 1010 1325 1042 et
1355 1003 1408 1041 illi
1439 1003 1645 1042 ostendisti

308 1078 347 1109 et
367 1083 458 1108 vero
483 1069 601 1108 etiam
626 1068 732 1106 mihi.
794 1070 914 1117 Quod
936 1068 967 1106 si
988 1068 1135 1114 feceris,
1159 1082 1223 1106 me
1244 1081 1363 1118 quem
1383 1069 1584 1106 voluntate
1608 1075 1646 1105 et

309 1142 470 1186 paterna
497 1133 789 1173 necessitudine
816 1133 1073 1171 coniunctum
1104 1147 1260 1183 semper
1279 1132 1450 1172 habuisti
1475 1132 1646 1172 maximo
1668 1146 1705 1180 15

310 1200 505 1239 beneficio
530 1198 760 1238 devinctum
788 1198 953 1237 habebis
975 1197 1096 1248 idque
1120 1205 1163 1236 ut
1192 1198 1311 1237 facias
1336 1205 1374 1237 te
1393 1199 1647 1237 vehementer

309 1265 427 1305 etiam
447 1272 566 1315 atque
587 1264 705 1303 etiarn
726 1277 831 1315 rogo.

954 1418 1000 1457 C.

673 1505 744 1538 Ser.
760 1505 870 1537 eodem
887 1509 1026 1546 tempore
1041 1516 1105 1546 quo
1120 1510 1166 1547 ep.
1184 1507 1225 1537 16
1240 1505 1281 1539 Β.

625 1583 802 1615 CICERO
837 1583 1060 1614 CAPITONI
1094 1584 1184 1615 SVO
1217 1584 1316 1616 SAL.
1668 1596 1709 1618 20

244 1672 292 1701 10
366 1664 597 1713 Numquam
631 1661 764 1712 putavi
799 1663 880 1700 fore
914 1669 956 1699 ut
991 1663 1155 1711 supplex
1188 1663 1240 1700 ad
1273 1669 1311 1700 te
1340 1662 1538 1711 venirem;
1577 1664 1647 1702 sed

310 1729 470 1767 hercule
489 1727 602 1765 facile
622 1726 749 1776 patior
765 1728 901 1764 datum
923 1734 1078 1776 tempus
1099 1726 1140 1764 in
1161 1741 1240 1777 quo
1260 1741 1434 1766 amorem
1457 1728 1649 1778 experirer

310 1799 433 1831 tuum.
494 1792 671 1830 Atticum
693 1792 828 1841 quanti
851 1791 990 1829 faciam
1019 1792 1104 1830 scis.
1163 1793 1322 1830 Amabo
1343 1800 1390 1839 te,
1415 1794 1466 1831 da
1493 1793 1589 1830 mihi
1610 1801 1648 1831 et

310 1858 398 1904 hoc,
428 1857 657 1895 obliviscere
692 1870 780 1894 mea
811 1870 929 1894 causa
959 1857 1069 1894 illum
1103 1857 1318 1907 aliquando
1352 1871 1425 1895 suo
1456 1857 1644 1904 familiari,

311 1921 532 1960 adversario
566 1929 634 1959 tuo
668 1921 838 1960 voluisse
877 1923 1112 1968 consultum,
1147 1936 1238 1960 cum
1277 1922 1379 1960 illius
1413 1923 1647 1961 existimatio
1669 1935 1708 1967 25

310 1995 499 2037 ageretur.
568 1989 660 2025 Hoc
700 1988 869 2037 primum
909 1987 1111 2037 ignoscere
1150 1996 1208 2026 est
1238 1988 1494 2027 humanitatis
1534 1997 1648 2036 tuae;

311 2066 403 2091 suos
430 2053 534 2092 enirn
561 2055 727 2104 quisque
751 2056 870 2093 debet
891 2055 1013 2103 tueri;
1043 2055 1190 2093 deinde
1217 2055 1248 2092 si
1273 2069 1336 2094 me
1362 2069 1470 2093 amas
1492 2054 1647 2105 (omitte

311 2118 517 2169 Atticum),
553 2121 735 2160 Ciceroni
769 2129 837 2160 tuo
868 2135 986 2171 quem
1022 2121 1158 2171 quanti
1190 2121 1308 2159 facias
1342 2135 1434 2171 prae
1468 2128 1506 2159 te
1544 2122 1646 2159 soles

311 2185 408 2222 ferre
439 2192 565 2223 totum
594 2187 669 2224 hoc
697 2188 748 2225 da
774 2194 816 2224 ut
844 2188 952 2236 quod
980 2200 1134 2236 semper
1154 2186 1370 2224 existimavi
1397 2200 1502 2224 nunc
1530 2188 1646 2235 plane

359 2297 371 2317 1
400 2288 572 2327 magnam]
596 2290 647 2319 lzt'c
668 2289 770 2328 αἰγῖτῐί
791 2289 831 2319 Μ
850 2292 886 2319 ut
901 2300 992 2319 nnnc
1005 2294 1061 2326 est,
1079 2290 1139 2320 sed
1147 2291 1277 2330 periisse
1291 2289 1550 2329 videlursolium
1569 2289 1645 2319 ulti-

313 2341 410 2360 mum
502 2343 518 2371 7
541 2337 615 2372 post
632 2333 732 2362 etiam
751 2332 824 2363 add.
841 2338 941 2371 atque
960 2335 1061 2364 etiam
1082 2333 1204 2363 Msillrr
1314 2343 1351 2372 13
1375 2338 1409 2363 te
1426 2333 1501 2363 add.
1522 2333 1641 2364 Lamb.

313 2385 351 2413 27
377 2376 494 2405 omitto
513 2376 590 2406 coni.
611 2376 694 2405 Boot
828 2388 869 2416 29
894 2378 936 2407 da
958 2388 987 2408 v.
1003 2388 1026 2408 c.
1056 2376 1084 2406 L
1106 2377 1247 2418 Qman.)
1266 2372 1310 2407 Zb
1328 2389 1334 2408 :
1358 2388 1422 2408 om.
1442 2377 1531 2418 vulg.
