1827 2798
129 872 167 894 10

125 1696 165 1718 20

587 168 698 206 EPP.
732 169 808 206 AD
838 166 1099 206 ATTICVM
1440 163 1511 200 XI.
1536 162 1665 199 xviia

186 274 410 324 persuaderi
438 278 546 314 nullo
577 277 697 315 modo
723 275 845 326 possit
872 290 918 314 ea
941 289 1042 325 quae
1069 273 1212 313 faciant
1238 273 1334 311 mihi
1358 273 1512 323 probari

186 354 311 390 posse,
335 354 497 390 quoquo
526 343 646 379 modo
667 343 814 391 loquar.
875 344 958 391 Ego
980 349 1111 378 tamen
1134 348 1218 377 utar
1243 339 1513 377 moderatione

186 418 263 454 qua
291 413 452 454 potero3
483 419 723 455 quamquam
744 406 840 455 quid
868 419 955 443 mea
982 405 1131 443 intersit
1153 413 1195 442 ut
1216 418 1351 442 eorum
1376 404 1512 443 odium

186 470 349 507 subeam
371 484 452 508 non
473 470 666 520 intellego.

239 536 297 572 Te
325 535 425 572 iusta
450 549 566 573 causa
590 534 769 585 impediri
791 548 870 584 quo
898 534 1027 572 minus
1054 535 1104 572 ad
1129 547 1201 572 nos
1226 534 1358 572 venias
1383 534 1510 581 video,
1533 547 1556 582 3

185 598 305 648 idque
349 599 445 637 mihi
487 601 600 637 valde
644 601 854 636 molestum
895 606 962 637 est.
1029 600 1146 636 Illum
1181 599 1232 635 ab
1267 600 1512 637 Alexandrea

185 664 411 702 discessisse
440 677 558 701 nemo
585 663 739 702 nuntiat
762 671 996 713 constatque
1023 677 1073 701 ne
1100 664 1319 712 profectum
1351 663 1510 712 quidem

184 728 280 766 illim
302 742 541 778 quemquam
561 735 651 778 post
673 729 769 766 Idus
791 728 952 765 Martias
977 741 1050 766 nec
1071 735 1159 777 post
1181 729 1277 766 Idus
1300 728 1511 766 Decembr.

185 793 235 831 ab
256 793 323 831 illo
343 794 453 831 datas
474 794 571 830 ullas
591 792 747 830 litteras,
800 794 859 830 Ex
879 806 959 842 quo
979 792 1171 841 intellegis
1192 792 1288 830 illud
1305 794 1355 831 de
1376 792 1511 831 litteris

185 871 220 896 a.
248 859 287 897 d.
308 870 333 895 v
355 859 450 896 Idus
479 858 593 895 Febr.
616 857 729 905 datis,
755 859 864 901 quod
894 857 1010 895 inane
1040 865 1141 895 esset
1171 857 1287 895 etiarn
1318 857 1349 895 si
1376 871 1509 895 verum

185 931 296 970 esset,
320 937 401 961 non
421 936 556 961 verum
582 937 677 961 esse.
740 924 783 960 L.
806 922 1035 960 Terentium
1061 922 1286 960 discessisse
1313 936 1359 960 ex
1378 922 1512 960 Africa

184 988 329 1026 scimus
351 991 614 1037 Paestumque
633 987 796 1025 venisse.
852 987 961 1036 Quid
981 987 1012 1024 is
1033 989 1182 1025 adferat
1202 995 1268 1024 aut
1289 1000 1368 1036 quo
1389 988 1510 1025 modo

183 1053 317 1093 exierit
336 1061 403 1091 aut
424 1053 519 1102 quid
540 1052 579 1089 in
595 1052 727 1090 Africa
749 1054 815 1089 fiat
835 1051 932 1089 scire
953 1051 1079 1089 velim.
1143 1051 1295 1089 Dicitur
1315 1051 1419 1089 enim
1442 1065 1511 1100 per

185 1118 393 1156 Nasidium
415 1117 579 1155 emissus
604 1130 699 1154 esse.
761 1117 808 1154 Id
829 1118 944 1165 quale
965 1116 1014 1154 sit
1034 1115 1162 1162 velim,
1186 1115 1217 1153 si
1237 1115 1440 1161 inveneris,
1458 1117 1510 1153 ad

184 1196 248 1221 me
268 1182 423 1220 scribas.
482 1183 544 1220 De
565 1182 636 1220 HS
656 1184 696 1228 ῖς,
712 1188 755 1219 ut
774 1180 924 1228 scribis,
940 1180 1093 1219 faciam.
1141 1181 1252 1219 Vale.
1306 1191 1394 1218 XVII
1419 1181 1507 1218 Kal.

184 1247 381 1298 Quintilis.

226 1425 386 1460 XVIII
474 1427 545 1460 δον.
564 1427 730 1459 Brundisi
741 1429 790 1459 xri
802 1428 846 1459 K.
867 1428 980 1468 Quint.
1001 1438 1030 1459 a.
1052 1437 1112 1469 707
1128 1427 1216 1469 (47).

603 1527 777 1558 CICERO
802 1527 972 1558 ATTICO
998 1526 1095 1558 SAL.

240 1619 301 1655 De
331 1616 431 1655 illius
460 1618 706 1655 Alexandrea
735 1615 910 1654 discessu
937 1615 1034 1652 nihil
1058 1616 1189 1653 adhuc
1217 1614 1395 1663 rumoris,
1419 1628 1507 1653 con·
1527 1625 1544 1652 1

185 1690 320 1732 traque
341 1682 476 1732 opinio
496 1683 610 1720 valde
637 1695 721 1720 esse
748 1681 993 1731 impeditum.
1055 1682 1195 1730 Itaque
1223 1694 1295 1718 nec
1321 1680 1443 1726 mitto,
1467 1688 1509 1718 ut

184 1747 474 1794 constitueram,
505 1747 737 1786 Ciceronem
768 1755 805 1785 et
836 1755 873 1784 te
903 1760 996 1796 rogo
1026 1753 1067 1783 ut
1098 1759 1160 1783 me
1191 1745 1282 1783 hinc
1312 1745 1506 1795 expedias.

185 1812 363 1861 Quodvis
385 1812 489 1851 enim
511 1812 746 1863 supplicium
767 1811 888 1850 levius
909 1820 966 1849 est
983 1812 1056 1849 hac
1078 1810 1362 1861 permansione.
1419 1813 1509 1848 Hac

183 1879 233 1916 de
260 1892 298 1916 re
323 1885 360 1916 et
383 1879 434 1916 ad
455 1878 675 1916 Antonium
703 1877 837 1927 scripsi
862 1885 900 1915 et
922 1879 974 1915 ad
996 1877 1164 1914 Balbum
1190 1884 1227 1914 et
1247 1877 1298 1914 ad
1320 1876 1506 1926 Oppium.

185 1942 272 1981 Sive
293 1942 397 1981 enim
420 1944 565 1981 bellum
589 1943 627 1980 in
652 1943 764 1981 Italia
784 1944 956 1980 futurum
978 1950 1035 1980 est
1057 1941 1136 1979 sive
1157 1941 1347 1979 classibus
1368 1949 1507 1988 utetur,

185 2007 247 2045 hic
277 2021 362 2046 esse
392 2022 455 2046 me
485 2008 646 2046 minime
676 2007 884 2055 convenit;
914 2020 1081 2057 quorum
1113 2008 1274 2044 fortasse
1300 2014 1510 2056 utrumque

184 2072 264 2119 erit,
298 2074 462 2110 alterum
497 2081 611 2111 certe.
684 2072 863 2111 Intellexi
901 2072 1065 2110 omnino
1103 2085 1149 2109 ex
1185 2071 1290 2120 Oppi
1330 2083 1552 2110 sermone2

185 2150 302 2186 quem
330 2145 370 2175 tu
396 2137 491 2175 mihi
518 2137 703 2186 scripsisti
734 2151 834 2187 quae
861 2137 1022 2175 istorum
1051 2136 1105 2174 ira
1131 2144 1243 2182 esset,
1267 2137 1335 2174 sed
1357 2143 1398 2173 ut
1423 2150 1508 2174 eam

185 2204 317 2240 flectas
339 2210 376 2240 te
398 2216 501 2252 rogo.
562 2202 670 2239 Nihil
700 2201 864 2239 omnino
893 2201 970 2239 iam
999 2208 1182 2250 exspecto
1210 2200 1282 2238 nisi
1311 2201 1507 2247 miserum,

229 2316 246 2343 4
273 2315 314 2334 ne
332 2308 405 2334 ante
420 2305 558 2335 subeam
576 2305 649 2336 add.
674 2304 863 2343 ll'eseubetg
979 2306 1000 2334 6
1024 2305 1051 2334 si
1069 2308 1142 2334 ante
1157 2305 1334 2335 molestum
1351 2304 1443 2334 habet
1460 2304 1507 2343 Μ,

188 2348 272 2378 uude
288 2349 417 2379 scilicet
435 2349 532 2378 Klotz
632 2349 673 2378 ab
688 2349 755 2379 secl.
773 2348 886 2377 Baiter
1016 2357 1054 2386 15
1080 2358 1151 2378 xvu
1171 2347 1264 2379 Man.
1283 2359 1289 2378 ε
1314 2358 1402 2377 xvux
1420 2348 1506 2379 codd.

185 2393 244 2430 qm·
262 2392 328 2422 dies
350 2392 405 2422 illo
429 2391 557 2432 qm'dem
583 2396 721 2432 tempore
745 2392 859 2422 nullus
872 2391 945 2431 fuit
1075 2402 1114 2430 27
1140 2392 1187 2421 ira
1207 2391 1240 2423 C.
1255 2391 1291 2423 F.
1307 2392 1485 2422 Hermann
1503 2403 1510 2422 :

185 2436 236 2466 via
252 2435 291 2465 M
