1827 2798
587 123 701 161 EPP.
734 124 811 161 AD
842 122 1101 161 ATTICVM
1403 124 1554 160 XV.vi

171 235 278 284 quod
304 247 376 283 ego
406 233 655 281 existimares,
679 233 773 272 istos
801 234 917 272 etiam
948 248 1052 273 nunc
1073 234 1195 273 vereri
1221 247 1271 273 ne
1295 235 1393 273 forte
1420 233 1493 284 ipsi

170 298 290 336 nostri
312 300 398 347 plus
419 298 539 336 animi
561 299 731 336 habeant
752 313 870 348 quam
892 299 1048 337 habent.

414 364 674 401 ‘HIRTIVS
705 364 981 403 CICERONI
1013 365 1116 403 SVO
1147 366 1257 403 SAL.

226 428 379 465 Rurene
416 427 492 465 iam
533 428 711 466 redierim
760 429 923 478 quaeris.
1001 431 1064 467 An
1103 444 1185 480 ego,
1228 444 1317 468 cum
1357 440 1540 469 omnesz

133 504 150 534 5
171 493 333 539 caleant,
357 492 543 541 ignaviter
569 492 716 541 aliquid
738 493 875 531 faciam
894 495 909 531 ?
967 494 1095 531 Etiam
1117 508 1163 532 ex
1184 495 1279 532 urbe
1304 508 1388 532 sum
1412 508 1496 544 pro—

169 557 304 603 fectus,
328 556 459 594 utilius
489 557 594 595 enim
625 557 738 595 statui
769 558 916 596 abesse.
979 561 1064 596 Has
1094 558 1163 597 tibi
1190 559 1334 597 litteras
1363 559 1494 598 exiens

167 619 205 657 in
245 622 515 658 Tusculanum
555 621 699 671 scripsi.
767 622 858 660 Noli
897 631 1028 661 autem
1068 637 1131 661 me
1170 631 1250 661 tam
1290 631 1491 662 strenuum

166 693 302 733 putare
328 693 368 723 ut
397 686 447 723 ad
474 687 610 723 Nonas
638 699 841 724 recurram.
902 687 1010 725 Nihil
1031 688 1135 726 enim
1158 687 1234 725 iam
1255 688 1371 726 video
1392 702 1492 738 opus

167 763 251 787 esse
273 759 404 788 nostra
423 764 528 797 cura,
549 750 735 800 quoniam
759 751 950 801 praesidia
979 761 1069 790 sunt
1098 753 1136 790 in
1167 760 1224 791 tot
1253 766 1378 791 annos
1408 766 1493 803 pro-

110 827 149 849 10
167 813 258 852 visa.
320 816 461 852 Brutus
494 824 531 853 et
561 815 719 854 Cassius
753 816 902 854 utinam
935 830 1053 866 quam
1084 817 1196 856 facile
1227 831 1250 855 a
1280 826 1317 856 te
1347 819 1397 856 de
1429 832 1492 856 me

167 878 372 928 impetrare
403 887 566 929 possunt
602 879 654 918 ita
689 894 757 930 per
791 889 828 919 te
867 889 1074 919 exorentur
1107 896 1156 920 ne
1191 884 1299 932 quod
1329 882 1492 921 calidius

165 943 299 982 ineant
319 944 526 982 consilium
546 948 551 982 1
611 945 799 984 Cedentis
821 945 926 984 enim
956 947 1054 983 haec
1074 947 1129 984 ais
1157 946 1492 996 scripsisse-quo

164 1017 231 1046 aut
252 1023 328 1058 qua
349 1011 417 1047 re?
476 1009 628 1055 Retine,
655 1011 819 1048 obsecro
849 1018 896 1056 te,
921 1009 1071 1057 Cicero,
1094 1010 1180 1048 illos
1201 1018 1239 1049 et
1259 1011 1339 1049 noli
1366 1012 1491 1050 sinere
1510 1019 1535 1056 3

165 1074 261 1111 haec
283 1073 415 1111 onmia
444 1074 577 1123 perire,
604 1088 703 1123 quae
737 1074 912 1112 funditus
943 1076 1085 1112 medius
1114 1075 1230 1113 fidius
1260 1075 1414 1125 rapinis,
1438 1076 1492 1114 in—

108 1149 143 1180 15
164 1138 324 1186 cendiis,
366 1138 552 1176 caedibus
594 1147 874 1188 pervertuntur.
935 1141 1109 1177 Tantum
1148 1140 1179 1178 si
1218 1140 1313 1190 quid
1353 1140 1491 1179 timent

164 1210 336 1249 caveant,
377 1202 473 1240 nihil
514 1211 712 1252 praeterea
753 1203 972 1242 moliantur.
1051 1205 1144 1242 Non
1184 1204 1337 1243 medius
1376 1205 1491 1243 fidius

162 1266 358 1305 acerrimis
389 1267 561 1305 consiliis
583 1269 669 1318 plus
693 1281 810 1318 quam
834 1268 950 1306 etiam
976 1268 1230 1316 inertissimis,
1253 1271 1348 1308 dum
1370 1272 1491 1309 modo

162 1332 425 1382 diligentibus,
450 1341 751 1383 consequentur.
814 1335 928 1372 Haec
959 1334 1063 1372 enim
1086 1348 1186 1384 quae
1207 1336 1333 1372 fluunt
1354 1349 1422 1385 per
1450 1349 1491 1374 se

156 1397 345 1440 diuturna
366 1411 446 1435 non
469 1405 582 1445 sunt,
613 1397 651 1435 in
673 1398 928 1436 contentione
949 1398 1163 1448 praesentis
1192 1400 1243 1437 ad
1263 1401 1491 1438 nocendum

105 1477 144 1499 20
163 1462 310 1500 habent
336 1462 435 1500 viris.
497 1462 605 1512 Quid
635 1476 765 1513 speres
796 1464 845 1502 de
876 1463 948 1501 illis
978 1462 1017 1500 in
1045 1465 1315 1502 Tusculanum
1346 1466 1397 1503 ad
1427 1479 1490 1504 me

162 1526 311 1565 scribe.'

217 1593 354 1631 Habes
388 1592 491 1630 Hirti
521 1592 739 1643 epistulam.
800 1592 875 1633 Cui
905 1593 1081 1643 rescripsi
1115 1594 1169 1631 nil
1203 1593 1289 1632 illos
1323 1593 1532 1641 calidius4

161 1657 332 1707 cogitare
370 1657 489 1707 idque
531 1658 769 1697 confirmavi.
841 1660 935 1697 Hoc
977 1660 1267 1709 qualecumque
1310 1666 1412 1697 esset
1448 1666 1488 1698 te

161 1721 258 1760 scire
278 1722 394 1761 volui.

104 1802 141 1832 25
215 1787 432 1838 Obsignata
466 1787 543 1826 iam
579 1789 725 1827 Balbus
754 1789 806 1828 ad
835 1802 899 1827 me
929 1788 1129 1828 Serviliam
1160 1788 1317 1837 redisse,
1351 1790 1489 1828 confir·

162 1865 266 1891 mare
287 1866 367 1891 non
388 1853 638 1893 discessuros
700 1856 818 1893 Nunc
840 1862 1024 1906 exspecto
1044 1868 1067 1893 a
1088 1863 1125 1894 te
1145 1854 1302 1894 litteras.

205 1946 296 1980 VII
393 1951 462 1982 Ser.
483 1952 517 1981 in
540 1952 725 1983 Tusculano
741 1963 761 1983 v
777 1957 835 1983 ant
850 1953 881 1983 iv
897 1953 940 1983 K.
958 1952 1034 1983 Iun.
1054 1963 1086 1984 a.
1109 1962 1166 1992 710
1185 1952 1273 1994 (44).

566 2011 738 2043 CICERO
768 2012 949 2043 ATTICO
978 2012 1083 2044 SAL.

216 2072 380 2109 Gratum
410 2073 519 2120 quod
549 2072 644 2109 mihi
676 2072 861 2122 epistulas
876 2087 885 2120 3
916 2086 1016 2122 quae
1037 2072 1198 2122 quidem
1227 2086 1292 2111 me
1321 2073 1488 2112 delecta-

100 2149 141 2179 30
160 2145 260 2183 runt,
301 2136 340 2174 in
388 2136 521 2186 primis
569 2137 674 2176 Sexti
714 2137 845 2175 nostri.
920 2137 1049 2184 Dices,
1103 2137 1219 2187 ‘quia
1256 2145 1294 2176 te
1333 2139 1490 2176 laudat.’

162 2203 263 2239 Puto
290 2214 353 2239 me
380 2202 537 2239 hercule
567 2201 607 2240 id
635 2215 795 2252 quoque
825 2215 910 2241 esse
941 2215 1091 2248 causae,
1115 2203 1184 2241 sed
1211 2209 1343 2253 tamen
1370 2202 1488 2241 etiam

203 2316 222 2343 4
248 2304 387 2335 Rurene
416 2303 626 2344 Wesenberg:
652 2315 728 2336 rure
745 2304 835 2336 codd.
973 2315 992 2344 5
1019 2305 1150 2342 Etiam;
1173 2315 1215 2335 ex
1233 2304 1321 2336 Reid
1451 2315 1486 2336 11

159 2348 301 2379 calidius
318 2348 435 2378 Lamh.
453 2358 459 2379 :
486 2348 638 2379 callidius
655 2348 697 2379 M
805 2358 843 2387 14
869 2349 997 2380 medius
1014 2348 1091 2379 add.
1109 2351 1179 2380 velt.
1273 2358 1314 2388 25
1332 2352 1408 2390 post
1424 2350 1489 2382 iam

160 2391 236 2425 add.
256 2391 404 2433 epistula
420 2391 506 2433 vulg.
1339 2436 1402 2469 34*
