1827 2798
150 119 260 158 XIV.
284 120 361 158 xxi
672 122 727 158 M.
761 122 929 158 TVLLI
962 122 1269 160 CICERONIS

254 242 278 278 3
300 231 450 270 sinceri.
512 230 614 269 Mihi
643 238 775 268 autem
805 244 885 268 non
917 238 974 268 est
1005 230 1169 268 dubium
1195 230 1289 280 quin
1315 245 1375 269 res
1405 238 1553 282 spectet
1582 233 1633 271 ad

298 304 433 334 castra.
494 298 595 333 Acta
619 295 724 333 enim
753 294 817 332 illa
844 309 902 333 res
928 303 985 333 est
1012 295 1145 332 animo
1165 295 1273 342 virili,
1296 296 1462 334 consilio
1482 297 1630 347 puerili.

300 360 400 408 Quis
430 360 535 398 enim
566 361 642 398 hoc
672 373 752 398 non
778 359 884 406 vidit,
912 359 1019 409 regni
1048 361 1233 398 heredem
1257 360 1468 399 relictum?
1524 361 1633 410 Quid

298 432 431 462 autem
451 424 659 462 absurdius
676 426 692 462 ?
1553 431 1556 434 ’

428 491 547 527 ‘Hoc
577 489 760 536 metuere,
793 492 957 528 alterum
988 492 1028 528 1'n
1058 498 1165 528 metu
1195 503 1276 528 non
1305 490 1498 540 ponere’!
1653 505 1670 537 5

300 553 408 602 Quin
447 554 564 592 etiam
604 556 679 592 hoc
714 554 799 604 ipso
839 563 1016 605 tempore
1055 557 1178 593 multa
1214 556 1455 593 ὑποσόλοικα.
1516 554 1632 593 Ponti

299 619 608 669 Neapolitanum
637 633 660 657 a
691 628 812 658 matre
842 620 1117 670 tyrannoctoni
1147 620 1364 670 possideri!
1422 622 1632 670 Legendus

298 684 395 722 mihi
425 684 578 734 saepius
608 692 666 723 est
697 686 822 724 ‘Cato
852 686 999 723 maior'
1028 687 1078 723 ad
1108 693 1146 723 te
1175 685 1327 723 missus.
1385 685 1631 723 Amariorem

298 749 403 787 enim
439 763 502 787 me
541 757 722 788 senectus
764 751 866 788 facit.
940 752 1174 789 Stomachor
1212 750 1357 789 omnia.
1419 751 1496 789 Sed
1535 750 1629 788 mihi

298 814 460 864 quidem
490 816 701 865 βεβίωται3
740 815 907 855 viderint
942 816 1113 854 iuvenes.
1172 818 1235 854 Tu
1270 829 1358 854 mea
1391 816 1555 862 curabis,
1590 824 1631 853 ut
1654 831 1693 852 10

298 893 420 919 curas.

252 951 279 989 4
355 948 468 984 Haec
503 946 638 996 scripsi
673 961 740 985 seu
775 947 919 985 dictavi
949 946 1127 997 apposita
1156 948 1332 985 secunda
1360 959 1497 984 mensa
1524 947 1631 995 apud

299 1011 534 1050 Vestorium.
596 1012 789 1051 Postridie
815 1014 921 1063 apud
949 1013 1123 1050 Hirtium
1152 1012 1373 1062 cogitabam
1405 1020 1442 1050 et
1469 1011 1629 1061 quidem

296 1078 546 1116 πεντέλοιπον.
611 1078 674 1116 Sic
713 1078 915 1116 hominem
955 1080 1158 1116 traducere
1195 1079 1246 1116 ad
1285 1077 1484 1129 optimatis
1523 1090 1628 1127 paro.

297 1145 419 1192 Λῆρος
451 1144 577 1183 πολύς.
638 1144 769 1181 Nemo
807 1150 865 1180 est
904 1143 1065 1181 istorum
1106 1142 1172 1192 qui
1207 1143 1331 1181 otium
1366 1157 1446 1180 non
1481 1142 1626 1180 timeat.
1652 1154 1688 1184 15

298 1208 388 1255 Qua
433 1221 472 1246 re
517 1208 651 1246 talaria
688 1207 902 1246 videamus.
975 1208 1142 1257 Quidvis
1190 1208 1295 1247 enim
1341 1208 1471 1258 potius
1510 1221 1628 1257 quam

295 1281 430 1310 castra.

351 1338 504 1376 Atticae
525 1340 690 1376 salutem
718 1338 925 1388 plurimam
947 1338 1064 1376 velim
1092 1338 1210 1377 dicas.
1272 1341 1469 1387 Exspecto
1490 1338 1629 1376 Octavi

295 1402 524 1440 contionem
545 1410 583 1440 et
604 1402 635 1440 si
656 1403 751 1452 quid
772 1403 889 1449 aliud,
914 1403 1082 1441 maxime
1102 1411 1234 1441 autem
1255 1402 1400 1453 ecquid
1422 1403 1629 1441 Dolabella

295 1467 435 1505 tinniat
455 1481 505 1505 an
526 1467 565 1505 in
587 1481 677 1506 meo
697 1467 859 1506 nomine
879 1469 1032 1506 tabulas
1053 1482 1174 1506 novas
1195 1468 1339 1506 fecerit.
1651 1478 1689 1499 20

338 1574 474 1609 XXII
551 1576 621 1609 Ser.
640 1578 673 1608 in
690 1577 871 1607 Puteolano
883 1577 970 1618 prid.
992 1577 1041 1609 Id.
1063 1577 1141 1609 Mai.
1163 1589 1192 1609 a.
1214 1588 1270 1617 710
1289 1577 1379 1619 (44).

699 1654 871 1686 CICERO
903 1655 1085 1685 ATTICO
1116 1654 1222 1686 SAL.

259 1739 275 1765 1
350 1727 502 1767 Certior
521 1741 544 1765 a
564 1727 662 1765 Pilia
681 1729 805 1765 factus
827 1727 927 1765 mitti
948 1728 998 1765 ad
1023 1735 1061 1766 te
1083 1728 1222 1766 Idibus
1248 1727 1470 1766 tabellarios
1496 1727 1626 1765 statim

294 1795 371 1831 hoc
400 1792 534 1831 nescio
564 1792 659 1842 quid
689 1792 851 1830 exaravi.
912 1793 1086 1830 Primum
1112 1793 1226 1843 igitur
1250 1793 1346 1831 scire
1372 1800 1410 1830 te
1430 1792 1536 1831 volui
1564 1807 1626 1830 me

294 1860 386 1896 hinc
410 1858 603 1908 Arpinum
632 1870 702 1895 XVI
735 1859 904 1896 Kalend.
930 1860 1016 1896 Iun.
1077 1861 1138 1897 Eo
1167 1858 1281 1908 igitur
1310 1858 1439 1896 mittes
1469 1857 1500 1896 si
1530 1858 1625 1907 quid
1648 1874 1686 1906 25

293 1923 365 1962 erit
396 1924 586 1973 posthac3
628 1937 868 1973 quamquam
898 1923 981 1973 ipse
1014 1923 1090 1961 iarn
1121 1923 1278 1973 iamque
1307 1925 1437 1962 adero.
1497 1922 1627 1973 Cupio

293 1988 399 2026 enim
434 1996 524 2025 ante
564 2001 682 2036 quam
720 1990 891 2025 Romam
926 1988 1042 2026 venio
1081 1988 1235 2026 odorari
1270 1988 1493 2038 diligentius
1532 1988 1627 2038 quid

294 2055 465 2091 futurum
498 2053 555 2091 sit.
617 2055 871 2104 Quamquam
899 2068 1034 2092 vereor
1062 2068 1112 2092 ne
1142 2054 1239 2092 nihil
1269 2054 1494 2092 coniectura
1521 2055 1628 2092 aber-

293 2132 385 2156 rem.
452 2118 621 2156 Minime
661 2119 765 2157 enim
806 2120 1018 2157 obscurum
1059 2126 1116 2157 est
1155 2118 1251 2168 quid
1290 2119 1351 2156 isti
1391 2119 1628 2162 moliantur;

294 2197 404 2221 meus
426 2197 517 2222 vero
542 2183 757 2234 discipulus
779 2183 845 2234 qui
876 2184 995 2222 hodie
1021 2185 1127 2233 apud
1159 2197 1221 2222 me
1247 2190 1361 2222 cenat
1382 2185 1495 2222 valde
1521 2193 1626 2222 amat
1647 2199 1686 2227 30

294 2248 403 2285 illum
425 2262 542 2297 quem
566 2251 708 2286 Brutus
730 2256 861 2286 noster
881 2248 1078 2287 sauciavit.
1139 2250 1190 2286 Et
1211 2248 1242 2285 si
1264 2248 1416 2297 quaeris
1434 2249 1625 2299 (perspexi

345 2363 381 2390 14
407 2351 613 2382 πεντέλοιπον
629 2353 722 2383 valde
738 2353 887 2391 dubium,
909 2353 945 2391 cf.
965 2364 1018 2383 xv.
1037 2363 1065 2383 2.
1087 2363 1106 2391 4
1283 2363 1324 2392 27
1349 2353 1482 2383 odorari
1509 2354 1598 2394 vulg.
1619 2366 1626 2385 ε

296 2397 384 2426 orari
403 2395 456 2426 Ml
556 2398 597 2426 28
622 2407 640 2426 a
666 2400 740 2426 aule
760 2397 956 2427 coniectura
978 2396 1052 2427 add.
1076 2396 1161 2427 Crat.
1187 2395 1383 2437 Wesenberg,
1403 2397 1440 2436 cf.
1458 2396 1544 2428 Phil.
1565 2398 1621 2429 xii.

297 2450 338 2478 23
470 2449 506 2479 31
535 2439 576 2470 Et
593 2440 620 2469 si
638 2439 770 2480 quaeris
787 2451 850 2470 om.
872 2438 921 2470 M¹
