1827 2798
183 151 277 188 XII.
300 150 346 188 iii
673 151 729 188 M.
761 150 930 187 TVLLI
961 148 1268 188 CICERONIS

313 261 514 312 ceteroqui
535 274 622 300 surn
642 260 820 308 libenter,
844 261 915 299 sed
939 261 1114 311 μακάρων
1133 263 1242 310 νῆσοι
1262 259 1359 299 tanti
1383 269 1473 300 sunt
1497 268 1540 300 ut
1561 260 1645 299 sine

315 335 353 365 te
373 327 446 365 sim
468 334 525 364 tot
552 325 647 364 dies.
709 326 800 374 Qua
825 338 866 363 re
887 325 1103 364 obduretur
1129 326 1206 364 hoc
1230 325 1403 364 triduum
1424 334 1466 364 ut
1493 334 1531 365 te
1551 339 1646 376 quo-

314 404 391 441 que
421 404 568 441 ponam
602 389 643 428 in
677 391 819 428 eodem
852 391 985 438 πάθει;
1015 391 1124 440 quod
1153 390 1206 428 ita
1235 398 1293 429 est
1321 392 1508 441 profecto.
1567 392 1647 430 Sed

314 455 432 494 velim
463 455 561 493 scire
590 455 763 493 hodiene
792 455 923 493 statim
953 456 1004 493 de
1033 454 1218 493 auctione
1244 463 1282 493 et
1307 468 1386 505 quo
1411 455 1475 494 die
1498 455 1643 494 venias.

316 521 402 569 Ego
423 533 486 558 me
515 520 664 558 interea
687 533 778 558 cum
808 519 948 558 libellis
963 534 973 568 ;
1002 533 1048 557 ac
1075 521 1240 558 moleste
1267 521 1349 558 fero
1369 521 1556 559 Vennoni
1582 534 1646 559 me
1665 537 1682 568 5

272 596 297 624 2
316 585 519 624 historiam
548 599 629 623 non
654 586 808 624 habere.
869 586 947 624 Sed
973 593 1107 624 tamen
1136 599 1187 623 ne
1215 585 1313 623 nihil
1342 586 1392 623 de
1421 599 1471 633 re,
1498 599 1646 624 nomen

315 650 426 698 illud,
442 651 550 700 quod
571 664 593 688 a
610 651 788 696 Caesare,
807 649 872 688 tris
892 651 1012 688 habet
1032 650 1302 698 condiciones,
1317 658 1383 688 aut
1403 650 1646 700 emptionem

315 715 366 754 ab
386 717 497 753 hasta
518 715 698 766 (perdere
719 716 833 762 malo,
857 715 929 753 etsi
949 723 1100 765 praeter
1120 715 1245 765 ipsam
1266 715 1549 765 turpitudinem
1571 717 1647 755 hoc

315 781 444 831 ipsum
465 788 561 830 puto
578 794 662 818 esse
683 779 863 831 perdere)
879 788 945 818 aut
961 780 1250 831 delegationem
1270 793 1293 817 a
1314 780 1495 830 mancipe
1515 782 1647 820 annua

315 846 380 885 die
405 845 509 896 (quis
539 845 610 884 erit
639 845 702 883 cui
732 846 901 891 credam,
928 854 995 883 aut
1022 847 1184 895 quando
1212 844 1285 883 iste
1315 844 1490 883 Metonis
1518 859 1645 884 annus
1668 861 1706 882 10

314 911 443 951 veniet
457 913 489 962 Ρ)
520 919 587 950 aut
614 910 789 949 Vettieni
816 911 1054 949 condicione
1077 910 1292 949 semissem.
1351 911 1493 961 Σκέψαι
1518 910 1642 961 igitur.

314 979 375 1015 Ac
405 990 541 1015 vereor
574 990 624 1014 ne
655 976 728 1014 iste
758 976 836 1014 iarn
865 975 1091 1014 auctionem
1122 977 1269 1013 nullam
1299 974 1414 1013 faciat
1444 976 1514 1014 sed
1543 975 1645 1014 ludis

313 1041 424 1080 factis
457 1042 604 1093 Ἀτύπῳ
643 1041 822 1079 subsidio
860 1049 997 1087 currat,
1032 1054 1081 1079 ne
1119 1040 1205 1079 talis
1239 1040 1296 1078 vir
1326 1041 1507 1093 ἀλογηθῇ.
1567 1041 1646 1079 Sed

312 1107 480 1157 μελήσει.
541 1108 604 1144 Tu
628 1105 813 1152 Atticam,
837 1119 995 1155 quaeso,
1022 1119 1115 1144 cura
1143 1113 1181 1144 et
1205 1104 1241 1144 ei
1265 1107 1431 1144 salutem
1458 1113 1496 1144 et
1523 1105 1645 1144 Piliae
1684 1131 1690 1138 -

313 1171 467 1211 Tulliae
488 1185 648 1222 quoque
668 1170 795 1209 verbis
816 1171 1036 1221 plurimam.
1667 1175 1704 1207 15

356 1322 424 1359 IV
555 1325 624 1357 Scr.
644 1326 677 1356 in
700 1325 885 1356 Tusculano
901 1326 972 1356 xvii
984 1325 1026 1356 K.
1049 1324 1162 1365 Quint.
1180 1335 1210 1356 a.
1232 1327 1292 1365 705¹
1311 1325 1397 1367 (46).

728 1412 898 1444 CICERO
920 1411 1102 1443 ATTICO
1122 1412 1227 1444 SAL.

275 1517 294 1545 1
368 1504 404 1543 O
424 1510 550 1554 gratas
572 1510 658 1541 tuas
680 1500 777 1539 mihi
804 1501 1077 1551 iucundasque
1104 1501 1273 1541 litteras!
1332 1502 1441 1552 Quid
1462 1503 1646 1554 quaeris?

312 1568 512 1608 restitutus
542 1575 599 1606 est
629 1566 725 1604 mihi
760 1566 844 1605 dies
874 1568 1004 1604 festus.
1064 1567 1250 1617 Angebar
1279 1567 1385 1607 enirn
1415 1570 1524 1618 quod
1550 1569 1644 1607 Tiro

313 1634 609 1684 ἐνερευθέστερον
630 1640 668 1670 te
688 1631 763 1670 sibi
790 1644 874 1670 esse
894 1631 1022 1670 visum
1050 1631 1208 1670 dixerat.
1268 1634 1430 1672 Addam
1454 1633 1578 1683 igitur,
1602 1641 1644 1672 ut
1667 1646 1705 1668 20

313 1713 461 1745 censes,
485 1712 609 1737 unum
630 1697 744 1735 diem.

270 1777 295 1805 2
368 1766 446 1803 Sed
467 1766 516 1803 de
535 1766 688 1804 Catone
708 1766 916 1815 πρόβλημα
935 1767 1194 1818 Ἀρχιμήδειον
1214 1776 1282 1807 est.
1334 1769 1427 1806 Non
1447 1768 1644 1816 adsequor

314 1837 355 1867 ut
376 1829 543 1868 scribam
565 1830 673 1879 quod
694 1828 750 1866 tui
778 1830 966 1869 convivae
994 1846 1075 1870 non
1097 1834 1219 1871 modo
1239 1832 1406 1871 libenter
1430 1833 1500 1870 sed
1525 1830 1643 1870 etiarn

311 1907 440 1944 aequo
460 1894 594 1932 animo
614 1896 741 1944 legere
769 1896 945 1945 possint3
973 1897 1068 1947 quin
1090 1898 1207 1936 etiam
1235 1897 1266 1935 si
1286 1911 1309 1935 a
1329 1895 1532 1935 sententiis
1559 1895 1642 1934 eius

312 1958 438 2005 dictis,
460 1958 491 1996 si
512 1959 562 1997 ab
589 1959 698 1997 omni
719 1962 920 1999 voluntate
942 1962 1195 2011 consiliisque
1222 1975 1323 2011 quae
1343 1962 1394 1999 de
1418 1974 1458 1998 re
1484 1959 1643 2009 publica
1664 1973 1700 2005 25

312 2024 450 2062 habuit
478 2026 661 2064 recedam
691 2031 887 2078 ψιλῶςᾳυε
907 2028 1023 2066 velim
1044 2027 1271 2077 gravitatem
1299 2024 1643 2074 constantiamque

312 2089 394 2128 eius
424 2091 592 2138 laudare,
626 2092 702 2130 hoc
732 2092 861 2142 ipsum
891 2100 1023 2130 tamen
1052 2091 1135 2129 istis
1167 2091 1351 2130 odiosum
1380 2091 1552 2139 ἄκουσμα
1581 2089 1638 2128 sit.

355 2204 376 2232 9
400 2204 418 2223 a
437 2205 490 2224 m:
516 2206 580 2225 om.
598 2195 641 2226 M
768 2205 806 2226 10
831 2195 894 2226 iste
912 2207 966 2225 m:
992 2196 1065 2233 ipse
1082 2192 1124 2223 M
1245 2204 1279 2223 11
1306 2193 1505 2224 condicione
1522 2192 1640 2223 semis-

312 2247 384 2268 sem
402 2237 503 2269 Rom.
519 2249 525 2268 z
561 2239 778 2270 conditiones
794 2239 951 2269 emissem
970 2238 1028 2267 M:
1064 2237 1270 2268 conditionis
1293 2237 1414 2267 emisse
1436 2248 1470 2266 m
1487 2248 1493 2267 ι
1526 2236 1641 2266 condi-

313 2281 443 2311 cionem
460 2282 601 2312 semisse
620 2281 739 2313 Lamb.
863 2292 901 2311 12
924 2282 984 2312 sed
1001 2281 1088 2312 ludis
1105 2279 1221 2313 Mam:
1247 2280 1373 2311 sedulis
1391 2291 1425 2310 m
1442 2291 1448 2310 :
1472 2285 1505 2310 et
1522 2280 1639 2309 sedulo

314 2323 353 2354 iis
371 2323 413 2353 M
501 2335 538 2363 13
563 2325 686 2364 Ἀτύπῳ
705 2325 770 2359 (vel
782 2325 914 2364 Atypoi
932 2325 1062 2365 Popnm
1078 2336 1084 2354 :
1109 2324 1211 2363 clypo
1225 2323 1282 2353 M:
1309 2323 1456 2363 Olympo
1473 2334 1507 2353 m
1600 2333 1639 2361 14

312 2367 364 2397 Tu
383 2391 390 2398 .
412 2392 418 2398 .
439 2392 445 2399 .
467 2368 644 2407 plurimam
670 2369 771 2399 Rom.
795 2379 829 2397 m
854 2368 925 2409 <scd
945 2369 972 2398 is
996 2367 1211 2408 plurimum):
1248 2377 1312 2398 om.
1329 2365 1372 2396 M
1499 2375 1540 2405 27
1566 2365 1640 2397 istis

311 2410 451 2443 Bosz'ns:
477 2416 528 2442 est
545 2410 596 2441 M¹
613 2422 619 2441 :
646 2416 698 2442 est
715 2412 755 2442 iis
773 2410 826 2440 M*
