1827 2798
157 137 254 175 XII.
280 136 425 174 xxviii
673 137 729 173 M.
761 134 931 173 TVLLI
962 133 1270 173 CICERONIS

308 248 480 287 fecerim.
560 249 783 285 Maerorem
826 243 962 293 minui,
1003 245 1183 284 dolorem
1220 257 1294 283 nec
1332 243 1444 295 potui
1482 257 1566 291 nec,
1607 241 1640 282 si

308 327 476 364 possem,
500 314 652 351 vellem.

264 386 289 424 3
364 381 425 416 De
446 377 596 416 Triario
617 378 719 416 bene
740 375 1003 427 interpretaris
1019 378 1262 415 voluntatem
1276 389 1416 415 meam.
1464 377 1528 413 Tu
1547 388 1641 413 vero

307 442 404 480 nihil
435 442 508 479 nisi
538 449 580 480 ut
609 441 663 479 illi
692 443 837 480 volent.
897 444 1002 479 Amo
1032 441 1142 479 illum
1172 448 1384 488 mortuum,
1417 448 1522 478 tutor
1553 452 1641 477 sum

307 507 449 553 liberis,
483 514 607 545 totam
638 507 804 545 domum
839 506 970 556 diligo.
1033 507 1095 544 De
1129 505 1372 545 Castriciano
1406 504 1576 555 negotio,
1609 503 1676 542 si·

307 571 520 611 Castricius
550 585 621 621 pro
651 571 858 621 mancipiis
888 570 1100 621 pecuniam
1130 570 1309 620 accipere
1338 571 1443 608 volet
1473 582 1641 618 eamque

307 638 391 678 †ei†
413 636 510 675 solvi
532 643 574 674 ut
594 650 700 674 nunc
722 636 894 683 solvitur,
918 643 1023 674 certe
1052 635 1150 673 nihil
1172 642 1230 674 est
1250 634 1512 673 commodius.
1572 633 1641 672 Sin

307 709 438 740 autem
461 701 513 739 ita
533 707 665 739 actum
693 708 751 739 est
778 708 821 738 ut
848 700 933 750 ipsa
959 699 1156 750 mancipia
1184 700 1409 746 abduceret,
1434 712 1514 737 non
1544 697 1641 736 mihi

307 767 461 805 videtur
490 779 576 804 esse
604 779 776 815 aequum
800 766 928 815 (rogas
955 765 1062 803 enim
1087 778 1150 803 me
1179 772 1223 803 ut
1250 763 1321 802 tibi
1345 764 1514 802 scribam
1544 762 1641 813 quid

308 832 404 870 mihi
418 830 611 880 videatur)
628 846 637 879 3
667 832 761 868 nolo
777 830 883 869 enim
900 830 1033 879 negoti
1048 830 1243 878 Quintum
1258 831 1413 867 fratrem
1427 828 1640 878 quicquam

307 898 452 936 habere
467 911 477 944 3
507 897 615 946 quod
632 896 768 934 videor
788 895 885 933 mihi
905 894 1142 933 intellexisse
1162 894 1233 933 tibi
1249 893 1371 933 videri
1391 893 1508 932 idem.
1569 895 1643 931 Pu-

308 961 448 1008 blilius,
473 961 504 999 si
524 959 819 1010 aequinoctium
842 967 1052 1009 exspectat,
1069 967 1111 998 ut
1132 958 1268 998 scribis
1288 957 1476 996 Aledium
1497 957 1639 1004 dicere,

307 1026 557 1076 navigaturus
571 1025 734 1064 videtur.
769 1024 871 1063 Mihi
885 1032 1017 1063 autem
1035 1024 1183 1063 dixerat
1199 1038 1267 1073 per
1284 1023 1466 1062 Siciliam.
1499 1024 1641 1060 Vtrum

307 1099 345 1129 et
366 1092 526 1141 quando
547 1090 663 1129 velim
685 1089 794 1128 scire.
859 1091 910 1126 Et
930 1089 1047 1127 velim
1067 1088 1293 1138 aliquando,
1317 1101 1408 1126 cum
1429 1086 1500 1126 erit
1529 1094 1641 1124 tuum

307 1157 575 1202 commodum,
614 1156 828 1193 Lentulum
860 1168 1026 1204 puerum
1062 1152 1165 1192 visas
1199 1153 1315 1203 eique
1348 1153 1399 1191 de
1434 1151 1640 1202 mancipiis
1686 1162 1698 1169 ·

307 1235 409 1272 quae
430 1220 501 1259 tibi
521 1219 718 1259 videbitur
737 1219 938 1258 attribuas.
995 1217 1128 1265 Piliae,
1152 1217 1308 1256 Atticae
1327 1218 1505 1256 salutem.

352 1368 509 1403 XXIX
627 1369 696 1402 Ser.
716 1370 865 1401 Asturae
881 1370 939 1401 vsiz‘
948 1369 990 1401 K.
1008 1369 1091 1410 Apr.
1109 1380 1140 1401 α.
1160 1378 1220 1410 709
1238 1368 1320 1410 (45).

714 1456 885 1489 CICERO
911 1456 1093 1488 ATTICO
1123 1455 1232 1488 SAL.

271 1559 289 1586 1
363 1547 489 1595 Silius,
513 1555 556 1586 ut
585 1546 732 1594 scribis,
755 1546 886 1586 hodie.
946 1547 1042 1586 Cras
1069 1545 1184 1596 igitur
1206 1547 1267 1584 vel
1293 1545 1426 1596 potius
1456 1560 1547 1585 cum
1576 1560 1645 1597 po-

308 1614 398 1652 teris
431 1613 587 1661 scribes,
620 1612 651 1651 si
683 1612 780 1662 quid
810 1612 880 1650 erit
911 1625 1002 1650 cum
1028 1610 1183 1649 videris.
1254 1612 1340 1649 Nec
1371 1625 1445 1661 ego
1475 1614 1642 1650 Brutum

308 1678 389 1716 vito
420 1692 492 1716 nec
513 1685 645 1716 tamen
666 1678 716 1715 ab
738 1690 786 1715 eo
807 1676 1044 1714 levationem
1061 1677 1181 1714 ullam
1202 1684 1388 1726 exspecto
1404 1691 1413 1724 ;
1443 1679 1513 1716 sed
1534 1685 1643 1716 erant

309 1756 450 1782 causae
478 1756 546 1780 cur
572 1744 648 1780 hoc
676 1749 853 1791 tempore
880 1740 966 1778 istic
987 1754 1072 1779 esse
1092 1742 1250 1779 nollem.
1312 1743 1426 1790 Quae
1454 1742 1485 1780 si
1515 1756 1645 1781 mane-

310 1809 419 1854 bunt,
443 1808 670 1857 quaerenda
696 1807 767 1845 erit
787 1805 987 1845 excusatio
1016 1806 1068 1844 ad
1098 1808 1263 1844 Brutum
1293 1814 1342 1853 et,
1366 1814 1408 1844 ut
1437 1821 1544 1845 nunc
1573 1815 1641 1853 est,

310 1886 517 1911 mansurae
533 1872 724 1910 videntur.

266 1949 292 1977 2
366 1939 427 1975 De
456 1937 592 1984 hortis,
623 1950 783 1986 quaeso,
818 1936 978 1986 explica.
1039 1936 1169 1986 Caput
1203 1935 1299 1974 illud
1329 1943 1387 1974 est
1417 1938 1525 1986 quod
1555 1937 1641 1975 Scis.
1687 1950 1703 1981 5

310 2002 494 2052 Sequitur
521 2009 563 2040 ut
592 2001 711 2039 etiam
745 2001 840 2039 mihi
870 2000 944 2051 ipsi
976 2000 1167 2050 quiddam
1197 2014 1296 2051 opus
1327 2001 1399 2048 sit3
1434 2015 1508 2040 nec
1538 2002 1643 2040 enim

311 2082 395 2106 esse
421 2067 460 2105 in
488 2067 602 2105 turba
625 2080 787 2116 possum
815 2080 888 2104 nec
908 2080 931 2104 a
951 2065 1062 2104 vobis
1086 2066 1236 2104 abesse.
1297 2066 1405 2104 Huic
1435 2080 1525 2105 meo
1555 2081 1646 2105 con-

312 2133 399 2171 silio
438 2132 535 2171 nihil
568 2131 719 2182 reperio
749 2131 824 2169 isto
852 2133 942 2170 loco
972 2131 1101 2181 aptius
1133 2138 1171 2169 et
1202 2132 1253 2170 de
1286 2132 1360 2170 hac
1391 2145 1431 2170 re
1461 2132 1557 2182 quid
1589 2132 1645 2170 tui

358 2247 375 2275 7
402 2235 448 2276 ei]
467 2235 516 2266 eis
533 2246 562 2266 v.
580 2246 602 2265 c.
621 2246 628 2265 ε
661 2235 723 2266 sibi
741 2233 769 2264 L
789 2234 927 2275 (marg.)
945 2233 1147 2265 Ascensius:
1181 2234 1228 2265 ita
1249 2233 1372 2274 Tyrre⁷l
1519 2246 1553 2266 11
1581 2236 1644 2266 Pu-

313 2279 424 2309 blilius
442 2280 562 2309 Rosius
579 2291 585 2308 τ
610 2279 745 2309 Publius
763 2277 802 2307 M
962 2288 998 2308 12
1024 2278 1136 2308 dicere
1153 2281 1223 2310 velt.
1239 2289 1246 2309 ε
1271 2278 1394 2309 ducere
1412 2277 1455 2308 M
1607 2281 1646 2309 16

316 2322 421 2352 Piliae
439 2327 472 2352 et
489 2322 622 2352 Atticae
648 2326 717 2353 vett.
839 2331 878 2360 19
901 2325 975 2351 (mle
991 2322 1043 2351 vel
1061 2322 1179 2351 habent
1195 2332 1270 2352 eum
1291 2321 1321 2351 O
1335 2332 1366 2353 v.
1385 2332 1409 2353 c.
1427 2315 1481 2362 Z¹'‚
1502 2332 1576 2353 cum
1595 2323 1642 2362 M,

316 2366 401 2396 unde
422 2370 456 2396 tu
481 2365 581 2395 Klotz
599 2365 658 2403 (ed.
682 2365 713 2402 ι)
813 2366 854 2394 28
875 2368 950 2405 post
972 2375 1007 2395 re
1027 2358 1161 2405 aliquid
1173 2365 1257 2395 velut
1271 2365 1372 2396 velim
1388 2365 1475 2396 scire
1495 2365 1644 2406 <Mz't'ller)

314 2410 365 2440 vel
387 2409 520 2448 requiro
532 2410 651 2449 perisse
667 2408 794 2438 videtur
