1827 2798
149 145 244 184 XII.
263 143 356 182 xlvi
640 144 696 180 M.
729 141 897 179 TVLLI
929 140 1235 180 CICERONIS

275 269 366 294 nam
406 267 533 293 essem
572 255 734 291 fortasse
774 251 917 290 durior.
989 252 1157 289 Exculto
1195 250 1301 289 enim
1339 251 1474 289 animo
1507 250 1605 288 nihil

273 328 434 372 agreste,
458 318 554 356 nihil
576 318 837 355 inhumanum
859 323 927 355 est.

232 395 256 422 2
329 388 391 423 Tu
408 384 535 434 igitur,
555 390 597 420 ut
619 381 816 432 scripsisti,
834 395 909 420 nec
929 380 970 420 id
991 380 1248 420 incommodo
1269 387 1348 420 tuo.
1394 382 1469 419 Vel
1489 380 1606 419 binae

144 440 255 521 (ξζνῐῐ
275 449 381 489 enim
416 454 601 499 poterunt
635 447 795 485 litterae.
856 448 1071 486 Occurram
1105 446 1224 485 etiam
1255 446 1287 484 si
1326 459 1487 485 necesse
1522 445 1603 484 erit.

276 517 380 564 Ergo
401 513 441 552 id
461 513 624 564 quidem
645 519 687 550 ut
706 511 863 562 poteris.
1628 519 1644 549 5

316 659 491 695 XLVII
595 660 666 693 scr.
685 659 826 690 Lanuvi
837 657 908 691 xvii
921 659 964 692 K.
983 659 1060 691 Iun.
1081 670 1112 693 a.
1128 669 1189 701 709
1208 659 1290 701 (45).

680 747 851 780 CICERO
881 746 1064 779 ATTICO
1092 747 1197 779 SAL.

239 853 255 880 1
331 841 393 878 De
416 840 599 885 Mustela,
622 845 665 876 ut
685 837 833 884 scribis,
852 836 924 875 etsi
946 850 1133 887 magnum
1155 850 1254 887 opus
1276 844 1343 877 est.
1405 839 1466 877 Eo
1487 837 1609 888 magis

275 905 439 943 delabor
464 906 515 943 ad
544 903 738 943 Clodiam.
800 903 1054 952 Quamquam
1082 902 1121 939 in
1151 909 1318 953 utroque
1347 902 1609 942 Faberianum

277 983 424 1008 nomen
445 969 729 1019 explorandum
755 974 823 1005 est.
886 969 948 1005 De
978 980 1058 1016 quo
1079 966 1175 1004 nihil
1200 967 1377 1006 nocuerit
1402 967 1433 1006 si
1459 966 1609 1017 aliquid
1633 981 1672 1003 10

277 1048 369 1073 cum
400 1035 526 1072 Balbo
558 1033 631 1072 eris
660 1034 815 1070 locutus
855 1039 893 1070 et
923 1031 1097 1081 quidem,
1122 1039 1163 1069 ut
1193 1046 1252 1070 res
1283 1040 1351 1080 est,
1379 1046 1509 1071 emere
1539 1045 1610 1069 nos

235 1111 260 1137 2
279 1101 378 1138 velle
399 1113 472 1138 nec
493 1112 609 1149 posse
629 1098 713 1136 sine
734 1097 809 1135 isto
830 1096 991 1135 nomine
1012 1110 1086 1135 nec
1105 1098 1251 1135 audere
1272 1111 1312 1136 re
1332 1097 1490 1136 incerta.
1534 1098 1611 1135 Sed

278 1165 440 1214 quando
462 1163 604 1203 Clodia
634 1165 787 1201 Romae
817 1164 946 1200 futura
973 1170 1030 1200 est
1058 1170 1096 1200 et
1124 1161 1260 1212 quanti
1288 1176 1369 1200 rem
1399 1162 1612 1200 aestimas?

280 1231 339 1267 Eo
359 1243 516 1279 prorsus
543 1236 690 1278 specto,
713 1242 795 1267 non
823 1228 919 1278 quin
946 1227 1042 1266 illud
1071 1228 1205 1265 malim
1235 1229 1305 1266 sed
1326 1235 1363 1266 et
1392 1241 1533 1277 magna
1553 1241 1612 1266 res

278 1301 336 1332 est
366 1301 404 1332 et
434 1293 591 1332 difficile
621 1300 820 1331 certarnen
850 1306 941 1331 cum
972 1292 1129 1342 cupido,
1160 1307 1251 1331 cum
1281 1294 1488 1342 locuplete,
1521 1306 1612 1330 cum
1639 1306 1672 1337 15

278 1359 433 1397 herede.
495 1358 579 1396 Etsi
600 1359 650 1396 de
666 1358 881 1407 cupiditate
898 1357 1047 1396 nemini
1069 1360 1287 1397 concedam
1304 1372 1314 1406 3
1343 1358 1480 1397 ceteris
1497 1358 1613 1396 rebus

280 1423 480 1462 inferiores
502 1436 649 1462 sumus.
709 1424 787 1461 Sed
809 1424 906 1461 haec
927 1436 1072 1461 coram.

324 1568 522 1603 XLVIII
566 1570 635 1603 δαν.
656 1570 794 1602 Lanuvi
805 1571 864 1602 xvi
876 1571 918 1603 K.
938 1570 1015 1602 Iun.
1037 1582 1137 1602 mane
1151 1582 1181 1603 a.
1202 1582 1261 1612 7⁰9
1280 1571 1359 1613 (45).

690 1660 861 1692 CICERO
891 1660 1076 1692 ATTICO
1104 1661 1210 1693 SAL.

153 1754 265 1789 (xrvn
342 1750 447 1788 Hirti
481 1750 635 1798 librum,
669 1757 711 1788 ut
738 1749 844 1797 facis,
878 1750 1045 1800 divulga.
1106 1753 1168 1789 De
1201 1750 1415 1789 Philotimo
1443 1750 1549 1789 idem
1580 1756 1618 1788 et
1641 1765 1678 1785 20

153 1803 189 1835 3³
285 1829 359 1865 ego
385 1814 609 1853 arbitrabar.
672 1816 849 1852 Domum
878 1822 985 1852 tuam
1013 1815 1133 1864 pluris
1154 1815 1270 1853 video
1298 1816 1466 1853 futuram
1488 1814 1619 1852 vicino

285 1881 464 1920 Caesare.
523 1881 558 1917 T
560 1879 790 1918 abellarium
819 1893 951 1918 meum
972 1880 1092 1919 hodie
1119 1887 1402 1930 exspectamus.
1462 1881 1548 1918 Nos
1569 1881 1619 1918 de

285 1946 383 1984 Pilia
404 1953 441 1984 et
462 1945 595 1983 Attica
615 1945 798 1983 certiores
819 1945 944 1983 faciet.

134 2020 277 2061 (va111)
345 2011 466 2049 Domi
487 2019 525 2049 te
545 2011 712 2049 libenter
732 2024 817 2049 esse
838 2011 950 2049 facile
971 2012 1100 2050 credo.
1161 2011 1239 2050 Sed
1261 2010 1376 2049 velim
1404 2010 1502 2048 scire
1522 2009 1619 2060 quid

284 2077 355 2115 tibi
394 2084 510 2115 restet
549 2084 616 2114 aut
655 2076 786 2114 iamne
824 2076 1050 2114 confeceris.
1112 2078 1196 2126 Ego
1235 2083 1272 2114 te
1312 2076 1351 2113 in
1390 2077 1619 2113 Tusculano
1641 2088 1677 2118 25

285 2150 470 2192 exspecto
509 2155 638 2191 eoque
678 2141 800 2191 magis
840 2142 948 2191 quod
987 2141 1123 2179 Tironi
1163 2141 1293 2180 statim
1333 2148 1371 2180 te
1409 2148 1618 2179 venturum

286 2207 472 2257 scripsisti
502 2215 540 2245 et
570 2206 759 2245 addidisti
789 2213 827 2244 te
856 2214 993 2256 putare
1022 2219 1122 2255 opus
1151 2220 1247 2245 esse.

335 2322 347 2341 1
374 2311 517 2341 Exculto
534 2311 609 2341 Vict.
627 2323 633 2341 :
663 2316 742 2341 exto
755 2308 806 2340 M¹
826 2310 878 2351 (cf.
893 2310 911 2341 l.
930 2321 970 2341 22
987 2310 1104 2350 supra)
1121 2322 1127 2341 :
1154 2322 1197 2341 ex
1215 2315 1285 2342 toto
1298 2310 1435 2341 Palmer
1544 2312 1619 2339 ante

287 2355 399 2386 animo
417 2354 490 2385 add.
510 2355 544 2385 in
562 2353 753 2393 lVesenberg
886 2355 924 2384 16
947 2355 1163 2386 concedimus
1183 2354 1247 2393 (vel
1264 2354 1429 2395 concedo)
1447 2364 1454 2385 ε
1482 2353 1515 2383 in
1536 2352 1614 2384 coni.

292 2398 480 2438 Wesenberg
610 2407 652 2428 22
677 2398 959 2437 exspectabamus
978 2398 1052 2429 Otto
1068 2399 1134 2429 coll.
1154 2404 1198 2440 ep.
1217 2408 1258 2438 53
