1827 2798
590 158 702 195 EPP.
734 157 812 194 AD
841 154 1101 194 ATTICVM
1377 153 1496 190 XIII.
1515 151 1628 189 xxia

175 268 245 307 tibi
277 268 426 307 dictum
458 276 526 306 est.
586 270 679 316 Quo
711 269 831 306 modo
859 275 991 305 autem
1023 265 1119 316 sugit
1151 278 1213 303 me
1242 263 1313 303 tibi
1342 263 1503 303 dicere?
1523 274 1573 313 (5)
1600 278 1624 305 2

178 333 345 371 Mirifice
366 332 557 372 Caerellia
585 332 716 370 studio
736 331 918 369 videlicet
946 330 1218 380 philosophiae
1247 330 1412 379 flagrans
1440 329 1504 366 de-

176 398 308 435 scribit
337 412 360 436 a
389 398 464 436 tuis
494 397 588 435 istos
627 397 732 447 ipsos
767 398 840 434 ‘de
870 396 1035 434 sinibus'
1067 396 1196 434 habet.
1258 396 1342 444 Ego
1371 401 1503 432 autem

176 461 245 500 tibi
285 463 475 500 confirmo
514 461 695 512 (possum
734 461 813 498 falli
852 469 894 498 ut
932 462 1070 511 homo)
1108 474 1131 498 a
1170 459 1266 498 meis
1305 473 1392 497 eam
1424 471 1504 496 non

138 543 154 572 5
176 528 344 574 habere3
373 541 591 576 numquam
611 526 717 564 enim
737 527 788 564 ab
808 526 932 564 oculis
958 526 1053 564 meis
1081 527 1271 563 afuerunt.
1331 526 1505 562 Tantum

175 606 290 642 porro
310 593 443 630 aberat
472 600 513 630 ut
543 592 657 630 binos
685 592 921 638 scriberent3
956 591 1017 628 vix
1044 591 1216 640 singulos
1238 591 1503 627 confecerunt.

175 658 352 695 Tuorum
387 665 519 695 tamen
554 671 626 707 ego
660 658 812 694 nullum
847 656 1035 694 delictum
1066 656 1229 694 arbitror
1260 654 1434 703 itemque
1469 661 1507 692 te

175 723 265 760 volo
294 722 513 760 existimare
528 737 537 770 3
566 736 589 760 a
618 736 681 760 me
705 721 811 760 enim
838 721 1152 772 praetermissum
1178 728 1235 758 est
1264 728 1306 757 ut
1336 721 1507 757 dicerem

176 800 240 825 me
263 800 330 825 eos
356 787 457 825 exire
484 789 664 826 nondum
684 789 794 825 velle.
855 787 949 833 Hui,
973 800 1092 836 quam
1119 785 1187 824 diu
1214 787 1264 823 de
1290 784 1427 834 nugis!
1457 785 1508 822 de

120 869 156 890 10
177 866 217 890 re
236 853 342 891 enim
363 853 460 891 nihil
480 855 609 892 habeo
630 854 738 902 quod
758 854 906 903 loquar.

232 919 294 955 De
325 918 533 955 Dolabella
563 918 633 955 tibi
671 917 880 955 adsentior.
941 917 1177 962 CoheredeS,
1209 922 1252 953 ut
1285 913 1432 960 scribis,
1466 913 1505 951 in
1527 916 1576 956 §6³
1598 914 1623 951 3

176 983 414 1020 Tusculano.
476 984 537 1020 De
572 981 749 1021 Caesaris
784 982 955 1019 adventu
989 980 1141 1029 scripsit
1171 980 1222 1017 ad
1262 992 1324 1016 me
1359 978 1506 1016 Balbus

177 1060 258 1084 non
286 1055 377 1084 ante
406 1048 493 1084 Kal.
523 1046 686 1084 Sextilis.
748 1047 809 1082 De
832 1045 965 1082 Attica
994 1046 1152 1093 optime,
1176 1043 1285 1092 quod
1314 1041 1436 1080 levius
1461 1055 1507 1079 ac

177 1112 302 1150 lenius
334 1120 371 1149 et
405 1113 513 1161 quod
546 1112 618 1149 sert
652 1112 817 1150 εὐκόλως.
878 1111 998 1158 Quod
1032 1116 1164 1146 autem
1195 1109 1246 1146 de
1279 1107 1343 1145 illa
1377 1114 1509 1145 nostra
1529 1110 1576 1151 (7)
1599 1112 1626 1148 4

122 1192 156 1222 15
178 1178 414 1227 cogitatione
435 1176 569 1214 scribis
590 1176 630 1214 in
651 1190 729 1226 qua
749 1176 846 1214 nihil
870 1175 940 1213 tibi
961 1175 1072 1220 cedo,
1095 1187 1141 1211 ea
1161 1186 1262 1222 quae
1282 1171 1374 1210 novi
1394 1173 1509 1210 valde

177 1243 312 1293 probo,
350 1241 563 1288 hominem,
605 1242 782 1287 domurn,
823 1242 1036 1278 facultates.
1109 1238 1230 1286 Quod
1275 1243 1393 1286 caput
1437 1243 1506 1283 est,

177 1307 305 1357 ipsum
348 1320 430 1345 non
472 1306 564 1344 novi
603 1307 672 1344 sed
710 1305 830 1343 audio
869 1303 1091 1350 laudabilia,
1124 1304 1175 1341 de
1218 1302 1353 1340 Scrofa
1390 1300 1508 1339 etiam

177 1372 362 1422 proxime.
422 1371 599 1419 Accedit,
636 1371 667 1409 si
705 1371 801 1420 quid
840 1372 916 1408 hoc
953 1370 1004 1408 ad
1038 1382 1130 1415 rem,
1165 1368 1418 1419 εὐγενέστερος
1451 1373 1509 1404 est

177 1438 294 1476 etiam
316 1452 434 1488 quam
455 1446 573 1488 pater.
616 1439 762 1476 Coram
782 1436 897 1486 igitur
916 1442 954 1474 et
975 1434 1136 1484 quidem
1157 1446 1354 1483 propenso
1374 1431 1508 1469 animo

121 1517 158 1538 20
177 1504 227 1541 ad
265 1504 525 1552 probandum.
585 1501 752 1539 Accedit
785 1500 891 1539 enim
925 1500 1034 1550 quod
1072 1506 1232 1549 patrem,
1265 1504 1308 1535 ut
1339 1496 1436 1534 scire
1470 1503 1509 1533 te

178 1575 273 1617 puto
293 1569 380 1616 plus
401 1566 519 1605 etiam
540 1579 659 1615 quam
679 1579 760 1604 non
780 1567 903 1604 modo
924 1572 966 1603 tu
986 1565 1056 1603 sed
1073 1577 1192 1614 quarn
1213 1562 1296 1613 ipse
1317 1561 1398 1608 scit,
1417 1574 1509 1599 amo

178 1631 297 1681 idque
317 1639 355 1669 et
376 1631 515 1669 merito
535 1638 573 1669 et
593 1630 671 1669 iam
691 1630 770 1669 diu.

219 1731 355 1766 XXII
436 1733 507 1766 Ser.
523 1734 558 1765 in
574 1733 736 1774 Arpinati
747 1733 780 1764 z’v
794 1733 881 1766 Non.
900 1733 1014 1774 Quint.
1036 1744 1066 1764 a.
1091 1744 1149 1774 709
1169 1732 1251 1774 (45).

583 1807 753 1839 CICERO
782 1808 815 1838 A
826 1785 966 1838 TTico
995 1806 1102 1839 SAL.

121 1897 159 1930 25
233 1888 295 1925 De
317 1887 494 1924 Varrone
522 1898 604 1923 non
638 1885 722 1923 sine
751 1899 870 1923 causa
898 1884 995 1935 quid
1029 1884 1100 1922 tibi
1133 1885 1287 1934 placeat
1316 1889 1396 1920 tam
1426 1880 1509 1919 dili·
1528 1890 1544 1916 1

178 1960 312 2003 genter
331 1952 502 2001 exquirO.
562 1952 783 1991 Occurrunt
809 1951 906 1989 mihi
930 1952 1137 2001 quaedam.
1196 1950 1275 1988 Sed
1297 1962 1342 1987 ea
1362 1961 1505 1986 coram.

179 2018 238 2055 Te
256 2024 389 2054 autem
409 2018 658 2066 ἀσμεναίτατα
676 2015 824 2054 intexui
844 2016 1064 2065 faciamque
1084 2014 1125 2053 id
1145 2013 1328 2052 crebrius.
1379 2012 1509 2051 Proxi-

227 2129 238 2149 1
267 2118 342 2157 Quo
356 2119 457 2150 modo
468 2119 597 2159 autem]
617 2119 686 2150 Sed
698 2119 812 2149 nescio
824 2119 993 2157 quomodo
1011 2122 1112 2148 antea
1129 2115 1271 2146 Mz'c'ller:
1297 2115 1382 2145 Cum
1395 2120 1508 2145 autem

180 2162 299 2192 Bossus
314 2173 353 2192 ex
367 2163 445 2201 suis,
472 2161 640 2192 Turnebus
655 2173 694 2192 ex
708 2161 740 2191 Z
754 2166 792 2192 ut
806 2162 932 2192 videtur
1098 2170 1117 2189 2
1144 2158 1303 2189 describit
1320 2169 1339 2188 a
1357 2159 1423 2188 tuis
1439 2159 1507 2189 secl.

181 2206 322 2236 Assz‘a'llcr:
346 2216 402 2243 ego
418 2206 527 2235 solum
545 2206 703 2236 describit
718 2205 873 2235 secludere
890 2205 1018 2243 malim,
1037 2203 1088 2234 vel
1096 2207 1157 2242 pro
1170 2202 1270 2233 habet
1285 2202 1382 2242 legere
1394 2201 1509 2232 libros.

184 2248 322 2278 Tamum
349 2249 487 2288 defendit
508 2247 630 2278 Gur-litt
647 2248 695 2278 acl
708 2249 774 2279 tuis
791 2249 1020 2288 interpungens
1036 2248 1088 2285 (nt
1103 2246 1211 2286 vulg.)
1228 2256 1234 2275 :
1254 2248 1331 2285 post
1350 2245 1416 2275 tuis
1433 2244 1508 2274 add.

180 2297 214 2322 et
230 2292 316 2321 Reid
425 2304 444 2330 4
471 2293 571 2322 homo
591 2303 610 2321 a
627 2292 709 2322 meis
729 2292 805 2331 (mis
823 2285 875 2329 ΖΙ)
893 2302 922 2322 v.
938 2302 960 2322 c.
982 2285 1026 2319 ΖΓ)
1047 2289 1258 2329 Malaspina:
1283 2289 1451 2318 humanus
1472 2286 1514 2317 M

181 2345 197 2374 7
223 2345 286 2374 ego
302 2346 322 2365 v
345 2346 367 2367 c.
387 2334 432 2374 <L
447 2338 573 2375 marg.)
590 2329 634 2363 Ζὸ
653 2334 739 2365 Crat.
755 2345 763 2366 :
787 2345 828 2365 eo
845 2333 887 2363 M
1002 2335 1021 2363 8
1047 2338 1098 2364 est
1113 2331 1194 2363 M2:
1229 2332 1272 2362 sit
1289 2330 1343 2360 M¹
1471 2332 1511 2361 16

180 2379 364 2419 hominem]
389 2389 512 2409 nomen
529 2377 651 2409 Srln'itz
818 2387 854 2418 17
880 2377 980 2408 etiam
1003 2378 1091 2417 quod
1116 2376 1270 2416 proxime
1292 2375 1423 2406 accidit.
1474 2373 1510 2404 Si

131 2451 150 2466 ὑ
184 2420 292 2452 Wesen
297 2421 371 2462 berg
