1827 2798
550 132 663 168 EPP.
695 132 773 168 AD
804 131 1062 170 ATTICVM
1356 131 1467 167 XVI.
1490 131 1519 167 ii

143 241 259 280 Nosti
289 241 447 290 reliqua.
509 243 570 279 De
601 241 720 279 Tutia
754 241 806 279 ita
839 250 1028 292 putaram.
1091 244 1152 280 De
1183 241 1358 280 Aebutio
1387 254 1467 279 non
1487 249 1512 288 5

142 308 260 345 credo
298 320 370 344 nec
409 314 541 343 tamen
573 320 667 344 curo
698 308 785 356 plus
820 320 937 356 quam
972 315 1025 345 tu.
1086 309 1233 345 Planco
1265 315 1302 346 et
1337 305 1470 356 Oppio

141 370 276 421 scripsi
308 370 492 420 equidem
523 371 711 420 quoniam
741 385 905 420 rogaras,
933 373 1014 418 sed,
1038 372 1068 410 si
1099 372 1169 410 tibi
1190 371 1396 418 videbitur,
1419 385 1470 409 ne

142 450 302 474 necesse
336 435 518 473 habueris
550 436 725 473 reddere.
787 437 891 475 Cum
923 437 1029 474 enim
1064 444 1130 474 tua
1159 450 1276 475 causa
1309 436 1471 474 fecerint

102 515 119 546 5
141 500 284 547 omnia,
317 513 452 539 vereor
482 513 532 537 ne
567 513 674 537 meas
705 500 851 538 litteras
882 514 1188 550 supervacaneas
1223 501 1468 540 arbitrentur.

142 566 274 615 Oppio
313 565 473 615 quidem
513 564 649 615 utique
688 578 807 614 quem
855 565 926 604 tibi
964 566 1246 604 amicissimum
1290 566 1468 616 cognovi.

140 633 290 669 Verum
311 638 353 668 ut
374 631 493 668 voles.

194 697 257 732 Tu
278 694 466 744 quoniam
487 694 622 732 scribis
643 695 906 733 hiematurum
933 703 971 734 te
992 695 1029 733 in
1060 695 1192 746 Epiro,
1215 695 1351 734 feceris
1373 695 1469 733 mihi
1488 696 1516 732 6

141 768 292 810 gratum
313 759 344 797 si
371 767 461 797 ante
489 773 536 797 eo
556 760 707 797 veneris
735 774 851 809 quam
881 760 977 798 mihi
1006 762 1043 798 in
1066 761 1219 798 Italiam
1248 769 1285 799 te
1309 769 1470 799 auctore

86 838 123 859 10
141 824 381 862 veniendum
412 831 479 862 est.
541 824 705 862 Litteras
734 826 784 862 ad
820 839 883 862 me
917 839 1035 874 quam
1068 825 1320 874 saepissime;
1358 825 1389 863 si
1420 827 1470 864 de

142 890 257 927 rebus
292 889 421 927 minus
455 889 693 935 necessariis,
724 889 897 939 aliquem
936 899 1100 937 nactus3
1138 891 1197 928 sin
1231 898 1363 929 autem
1399 891 1469 929 erit

142 955 237 1005 quid
268 955 404 1000 maius,
436 955 558 992 domo
588 954 742 992 mittito.

195 1019 478 1069 Ἡρακλείδειον,
498 1018 528 1056 si
550 1019 803 1056 Brundisium
821 1019 925 1065 salvi,
943 1021 1177 1058 adoriemur.
1223 1025 1230 1040 ‘
1247 1023 1307 1059 De
1327 1021 1470 1071 gloria'

143 1085 230 1122 misi
259 1084 340 1123 tibi.
401 1083 611 1123 Custodies
641 1083 764 1133 igitur,
787 1092 830 1121 ut
858 1087 972 1131 soles,
1001 1087 1071 1123 sed
1104 1094 1290 1124 notentur
1319 1087 1470 1138 ἐκλογαὶ

85 1165 120 1196 15
143 1163 240 1199 quas
265 1149 415 1188 Salvius
441 1148 569 1186 bonos
595 1147 793 1186 auditores
820 1157 959 1187 nactus
987 1150 1026 1187 in
1057 1150 1238 1188 convivio
1265 1152 1468 1188 dumtaxat

141 1216 253 1264 legat.
305 1213 407 1252 Mihi
427 1214 540 1252 valde
560 1214 727 1263 placent,
750 1215 908 1253 mallem
928 1214 1009 1253 tibi.
1061 1215 1191 1253 Etiam
1211 1223 1330 1266 atque
1351 1215 1469 1254 etiam

140 1281 236 1318 vale.

183 1385 257 1420 ῙῙῙ
391 1387 461 1418 Scr.
480 1389 513 1418 in
531 1388 735 1429 Pompeiano
749 1390 810 1420 xvi
823 1389 865 1420 K.
881 1389 972 1420 Sext.
993 1401 1024 1421 a.
1046 1400 1102 1430 710
1120 1391 1207 1430 (44).

548 1466 720 1496 CICERO
743 1466 776 1495 Α
788 1467 926 1497 TTICO
950 1466 1054 1499 SAL.

87 1558 124 1579 20
195 1540 259 1577 Tu
278 1552 371 1577 vero
391 1539 587 1589 sapienter
607 1540 731 1589 (nunc
758 1541 919 1578 demum
940 1541 1045 1578 enim
1069 1541 1241 1579 rescribo
1262 1540 1307 1579 iis
1334 1540 1468 1579 litteris
1488 1549 1505 1576 1

142 1617 238 1653 quas
259 1604 355 1642 mihi
383 1604 521 1641 misisti
549 1612 745 1642 convento
765 1605 942 1643 Antonio
962 1605 1118 1656 Tiburi)
1138 1606 1334 1655 sapienter
1357 1605 1471 1655 igitur

142 1670 250 1718 quod
284 1683 424 1706 manus
463 1668 606 1707 dedisti
645 1670 833 1718 quodque
871 1669 988 1707 etiarn
1027 1672 1128 1708 ultro
1167 1670 1307 1720 gratias
1346 1670 1467 1720 egisti.

143 1735 259 1773 Certe
285 1734 401 1780 enirn,
425 1742 467 1771 ut
493 1734 641 1780 scribis,
664 1735 889 1772 deseremur
915 1735 1024 1773 ocius
1050 1749 1073 1773 a
1099 1749 1139 1773 re
1165 1735 1324 1785 publica
1350 1748 1469 1784 quam

141 1812 164 1836 a
192 1813 233 1837 re
261 1798 449 1836 familiari.
511 1799 632 1847 Quod
662 1812 753 1837 vero
781 1799 916 1837 scribis
941 1807 979 1838 te
1007 1801 1130 1849 magis
1155 1805 1192 1836 et
1219 1799 1340 1849 magis
1368 1800 1470 1838 dele-

84 1881 121 1911 ²5
143 1872 247 1902 ctare
279 1865 336 1902 ‘O
367 1863 467 1909 Tite,
495 1863 526 1901 si
558 1863 677 1913 quid,'
706 1877 825 1913 auges
858 1864 956 1901 mihi
985 1864 1182 1902 scribendi
1216 1864 1466 1903 alacritatem.

191 1977 203 1997 1
233 1966 283 1996 De
300 1971 371 1996 tuta
387 1966 443 1995 via
459 1965 647 1995 dubitaram
671 1965 825 1996 Schmidt
989 1967 1138 1998 Aebutio
1161 1962 1303 2001 Zf'vulg.
1323 1979 1330 1998 ε
1355 1968 1468 1998 ebutio

145 2009 233 2040 OR:
258 2009 381 2039 enictio
405 2008 461 2040 M:
485 2009 646 2038 Ventidio
670 2008 823 2039 Sclmndt
951 2011 972 2039 6
996 2011 1233 2041 amicissimum
1262 2011 1362 2042 Vict.:
1401 2023 1469 2041 am-

143 2054 330 2093 plissimum
362 2051 401 2081 M
536 2063 574 2082 10
597 2052 624 2082 si
656 2053 739 2083 Ant.
768 2050 834 2082 Zl’:
869 2053 929 2083 sed
962 2053 1003 2082 M
1144 2064 1181 2083 12
1216 2056 1314 2084 domo
1345 2055 1469 2086 mittito

142 2096 335 2127 EORsBer.
354 2107 360 2125 :
378 2096 456 2126 dum
471 2095 684 2126 omittitoM:
704 2096 801 2126 domo
822 2095 916 2126 mitto
933 2097 955 2126 I
1058 2108 1095 2135 14
1119 2104 1284 2128 vocentur
1299 2098 1468 2128 Turnebus

142 2139 276 2172 Rosius,
301 2149 377 2169 cum
397 2138 559 2177 eclogarii
583 2139 731 2168 homines
753 2150 817 2168 non
846 2140 905 2169 loci
920 2141 1173 2180 praestantiores
1194 2152 1259 2171 esse
1281 2141 1463 2177 videantur,

143 2183 214 2213 vide
227 2183 325 2212 Clark
337 2184 370 2211 in
389 2182 599 2222 ‘Philologus
609 2182 616 2193 '
631 2183 749 2220 (1901‘5
762 2193 792 2221 p.
807 2193 871 2221 209
961 2184 1093 2222 ἐκλογαῖ
1112 2184 1198 2214 Reid
1209 2197 1216 2215 :
1241 2185 1388 2223 eglogari
1405 2183 1464 2215 M:

144 2226 307 2264 eclogarii
325 2225 411 2265 vulg.
572 2235 608 2264 15
629 2235 712 2264 quas
729 2223 770 2254 Zl
788 2225 893 2256 Reid:
921 2237 1003 2266 quos
1022 2226 1079 2257 M:
1109 2238 1235 2266 quaeso
1259 2229 1336 2259 coni.
1369 2228 1466 2258 Clark

143 2279 185 2308 23
209 2270 316 2300 ociusl
336 2270 423 2299 otius
441 2267 499 2299 M:
524 2270 634 2308 potius
650 2267 724 2300 Vz'ct.
829 2280 869 2307 24
894 2272 1001 2309 magis
1017 2276 1050 2300 et
1068 2272 1174 2310 magis
1194 2271 1312 2301 Hosius
1327 2283 1333 2302 2
1360 2272 1465 2310 magis

145 2311 233 2343 CM:
257 2313 382 2343 cotidie
399 2313 506 2351 magis
522 2311 643 2342 Mziller
729 2312 896 2343 delectare
908 2314 986 2343 coni.
1002 2314 1134 2344 Baiter:
1158 2315 1221 2344 -ari
1238 2313 1324 2345 codd.
1425 2324 1466 2352 25

136 2360 213 2429 §cist
226 2357 254 2386 si
271 2356 351 2396 quid
368 2355 444 2387 add.
459 2365 523 2395 ego
539 2355 634 2386 Man.
650 2355 767 2387 Lamb.
860 2367 965 2396 auges
980 2356 1097 2388 Lamb.
1114 2368 1121 2390 ε
1146 2368 1229 2397 ages
1245 2354 1324 2388 MZ‘
1341 2369 1348 2388 ε
1371 2359 1467 2389 addis

184 2410 240 2431 an.
