1827 2798
575 162 687 199 EPP.
721 163 797 199 AD
827 163 1085 203 ATTICVM
1453 167 1522 205 IX.
1547 168 1638 204 xvii

237 321 373 357 XVII
483 325 552 357 Ser.
571 326 604 356 in
623 327 800 358 Formiano
817 328 851 357 vi
863 328 906 358 K.
929 328 961 357 A
962 333 1012 369 pr.
1031 339 1063 359 a.
1085 339 1138 368 705
1155 328 1242 369 (49).

610 413 780 445 CICERO
801 414 980 445 ATTICO
1001 414 1106 446 SAL.

245 489 477 528 Trebatium
507 502 546 528 vl
580 493 684 538 Kal„
712 505 791 541 quo
821 492 886 530 die
915 494 984 530 has
1015 493 1158 531 litteras
1188 493 1292 541 dedi,
1324 501 1519 544 exspecta·
1538 503 1555 531 1

192 554 295 593 bam.
355 557 414 593 Ex
434 555 517 593 eius
539 556 678 594 nuntio
701 556 880 606 Matique
901 557 1035 595 litteris
1058 558 1277 596 meditabor
1297 572 1376 608 quo
1398 560 1519 597 modo

154 630 169 660 5
190 632 282 657 cum
312 619 380 658 illo
411 621 558 670 loquar.
619 622 655 659 O
686 629 841 671 tempus
870 622 1080 660 miserum!
1138 624 1224 661 Nec
1254 623 1393 661 dubito
1423 623 1518 673 quin

189 697 213 722 a
242 698 305 722 me
334 687 549 723 contendat
570 687 620 724 ad
641 687 779 724 urbem
800 686 964 725 veniam.
1025 689 1211 725 Senatum
1237 688 1341 726 enim
1375 690 1518 726 Kalen-

189 749 250 788 dis
288 751 388 788 velle
426 764 466 789 se
506 752 750 800 frequentem
789 752 928 790 adesse
966 752 1083 790 etiam
1124 753 1288 791 Formiis
1328 753 1516 803 proscribi

188 814 309 853 iussit.
388 817 492 865 Ergo
535 815 570 854 ei
614 817 839 865 negandum
879 818 968 855 est?
1042 818 1119 855 Sed
1159 818 1253 867 quid
1293 818 1517 868 praeripio?

188 880 327 918 Statim
348 882 398 919 ad
420 889 457 919 te
478 881 714 931 perscribam
736 881 878 920 omnia.
939 883 997 919 Ex
1024 882 1124 920 illius
1146 896 1325 921 sermone
1346 891 1512 921 statuam

130 958 169 979 10
188 945 436 995 Arpinumne
466 945 561 983 mihi
592 947 767 983 eundum
792 945 839 983 sit
866 959 915 983 an
946 960 1026 995 quo
1054 946 1142 984 alio.
1201 949 1305 985 Volo
1331 947 1511 986 Ciceroni

188 1024 276 1049 meo
309 1018 438 1060 togam
471 1024 607 1060 puram
643 1012 746 1056 dare,
784 1010 869 1048 istic
908 1019 1015 1060 puto.
1084 1013 1158 1058 Tu,
1192 1025 1349 1061 quaeso,
1384 1012 1554 1061 cogita2

185 1076 282 1126 quid
320 1075 475 1114 deinde.
535 1077 639 1113 Nam
679 1088 742 1113 me
780 1075 964 1114 hebetem
1004 1076 1206 1114 molestiae
1244 1076 1509 1114 reddiderunt.

184 1143 221 1178 A
253 1140 373 1180 Curio
397 1140 514 1178 velim
539 1139 636 1178 scire
667 1140 810 1189 ecquid
836 1141 886 1178 ad
919 1148 956 1178 te
983 1140 1169 1190 scripturn
1200 1141 1247 1178 sit
1277 1142 1326 1178 de
1353 1141 1510 1179 Tirone.

185 1206 250 1243 Ad
271 1219 334 1244 me
355 1205 459 1243 enim
482 1205 564 1255 ipse
585 1205 679 1243 Tiro
699 1205 752 1243 ita
772 1205 923 1255 scripsit
944 1213 985 1243 ut
1006 1220 1138 1244 verear
1157 1205 1252 1255 quid
1273 1214 1371 1255 agat.
1431 1206 1510 1255 Qui

129 1283 164 1315 15
184 1277 316 1308 autern
350 1269 512 1308 veniunt
543 1270 646 1316 inde,
681 1270 875 1319 κινδυνώδη
905 1270 1097 1308 nuntiant.
1156 1272 1257 1308 Sane
1289 1270 1327 1307 in
1361 1271 1509 1320 magnis

184 1334 285 1372 curis
324 1334 442 1372 etiam
481 1335 578 1373 haec
618 1348 681 1372 me
719 1334 938 1373 sollicitant.
1017 1337 1064 1373 In
1103 1336 1176 1374 hac
1215 1335 1319 1374 enim
1355 1337 1509 1375 fortuna

184 1398 356 1449 perutilis
386 1399 468 1438 eius
498 1407 536 1438 et
567 1413 685 1449 opera
714 1407 752 1438 et
782 1399 947 1438 fidelitas
977 1407 1089 1438 esset.

222 1529 384 1583 XVIII
523 1551 594 1582 Scr.
612 1551 741 1592 Arpini
753 1563 772 1582 v
786 1551 830 1583 K.
850 1551 933 1592 Apr.
950 1562 980 1582 a.
1002 1561 1055 1591 705
1068 1552 1158 1593 (49).

594 1646 765 1678 CICERO
786 1647 966 1678 ATTICO
989 1646 1094 1678 SAL.

123 1740 160 1761 20
232 1721 453 1769 Vtrumque
483 1733 529 1757 ex
555 1726 623 1757 tuo
650 1719 841 1767 consilio3
872 1734 962 1757 nam
987 1728 1025 1758 et
1054 1720 1177 1759 oratio
1205 1721 1275 1759 fuit
1303 1735 1347 1759 ea
1374 1730 1505 1761 nostra
1525 1731 1541 1758 1

178 1791 219 1821 ut
240 1785 342 1823 bene
362 1785 492 1834 potius
513 1785 576 1823 ille
597 1786 647 1824 de
667 1785 782 1823 nobis
809 1785 1044 1824 existimaret
1065 1800 1182 1836 quam
1203 1787 1342 1836 gratias
1363 1797 1505 1838 ageret,

177 1855 215 1887 et
244 1848 284 1886 in
314 1863 362 1888 eo
392 1849 617 1897 mansimus,
642 1864 692 1888 ne
720 1852 771 1889 ad
802 1851 950 1889 urbem.
1011 1853 1083 1889 Illa
1111 1853 1329 1890 fefellerunt
1350 1853 1502 1892 facilem

177 1915 285 1963 quod
320 1922 571 1964 putaramus;
608 1915 705 1953 nihil
739 1915 818 1954 vidi
858 1916 997 1954 minus.
1063 1916 1251 1954 Damnari
1290 1931 1330 1955 se
1369 1926 1502 1956 nostro

176 1978 333 2027 iudicio,
374 1980 561 2018 tardiores
610 1982 691 2018 fore
737 1981 918 2030 reliquos,
959 1981 990 2018 si
1029 1995 1101 2019 nos
1148 1995 1228 2019 non
1268 1982 1501 2030 venerimus,

119 2060 156 2089 25
175 2043 316 2082 dicere.
376 2046 461 2094 Ego
482 2045 711 2083 dissimilem
732 2045 885 2083 illorum
907 2059 991 2084 esse
1012 2060 1181 2084 causam.
1241 2048 1343 2085 Cum
1366 2050 1497 2094 multa,

179 2108 302 2146 ‘Veni
323 2109 437 2158 igitur
457 2117 495 2148 et
514 2124 585 2159 age
606 2112 656 2148 (le
676 2112 797 2160 pace.'
841 2114 849 2129 ‘
867 2113 1034 2149 Meone'
1056 2110 1217 2160 inquam
1243 2112 1498 2150 ‘arbitratu?'

174 2173 187 2190 ί
201 2176 264 2211 An
287 2173 357 2212 tibi
370 2175 378 2191 ²
398 2174 525 2224 inquit
548 2178 556 2194 ‘
572 2188 644 2224 ego
664 2175 955 2225 praescribam?
1040 2179 1048 2195 ‘
1062 2176 1145 2214 Sic'
1167 2176 1328 2226 inquam
1349 2180 1358 2196 ‘
1372 2191 1495 2226 agam,

218 2289 236 2317 5
262 2279 379 2317 loquar
396 2278 448 2307 Μ2
466 2290 472 2309 :
497 2278 672 2318 loquamur
689 2279 740 2308 Μ1
873 2280 894 2308 6
917 2283 991 2309 anic
1006 2281 1138 2310 veniam
1156 2281 1231 2313 add.
1252 2286 1286 2312 ut
1309 2282 1498 2323 Malaspz'na

174 2322 193 2351 8
218 2322 388 2360 praeripio
405 2322 555 2362 Popma:
589 2323 714 2361 preripi
740 2321 814 2352 M¹:
850 2323 1019 2361 praeripui
1044 2323 1217 2356 Schmidt:
1253 2327 1394 2364 precipit
1421 2327 1497 2357 M'·':

175 2366 344 2404 praecipio
361 2366 449 2406 vulg.
605 2376 645 2403 24
670 2366 697 2395 si
716 2377 778 2395 nos
796 2376 863 2396 non
880 2366 1048 2398 Faernus:
1072 2369 1165 2399 sinus
1184 2379 1250 2399 non
1272 2369 1423 2400 ORPM2
1439 2382 1445 2401 :
1470 2370 1497 2401 si

174 2409 206 2438 in
224 2409 277 2438 his
294 2419 361 2439 non
380 2408 435 2438 Ml
524 2410 716 2439 veniremus
734 2409 828 2440 Man.
