1827 2798
165 111 250 148 XV.
275 111 351 148 xiii
670 112 725 147 M.
757 110 925 146 TVLLI
958 109 1264 148 CICERONIS

300 224 482 260 humana.
544 223 605 258 De
636 222 758 258 Bruto
779 227 817 258 te
838 219 935 258 nihil
957 219 1054 258 scire
1075 219 1184 267 dicis,
1207 221 1277 258 sed
1299 219 1459 259 Servilia
1478 219 1632 258 venisse

301 289 356 325 M.
381 286 582 335 Scaptium
603 290 800 334 †eumque
830 299 911 323 non
942 298 1020 335 qua
1049 290 1222 335 pompal·
1243 287 1294 324 ad
1315 299 1356 324 se
1377 292 1509 323 tamen
1530 286 1632 322 clam

299 358 507 389 venturum
543 349 811 399 sciturumque
843 363 906 388 me
938 350 1097 398 omnia,-
1135 364 1237 400 quae
1267 364 1341 400 ego
1369 349 1510 388 statim.
1571 351 1633 387 In-

301 423 405 453 terea
444 422 572 453 narrat
611 415 750 453 eadem
791 414 901 453 Bassi
945 428 1100 453 servum
1140 414 1293 453 venisse
1332 414 1399 464 qui
1437 414 1634 452 nuntiaret

300 480 473 529 legiones
504 479 790 518 Alexandrinas
821 479 861 517 in
890 479 1008 517 armis
1039 493 1134 526 esse,
1160 482 1326 518 Bassum
1356 479 1510 525 arcessi,
1543 480 1635 518 Cas-

301 545 401 583 sium
442 544 668 595 exspectari.
729 544 838 593 Quid
872 544 1056 594 quaeris?
1099 544 1254 583 videtur
1287 558 1348 582 res
1382 543 1542 594 publica
1575 542 1634 581 ius

301 624 416 649 suum
447 611 718 660 reciperatura.
778 612 856 649 Sed
878 624 927 649 ne
948 610 1044 660 quid
1065 618 1167 649 ante.
1228 610 1345 649 Nosti
1372 611 1512 648 horum
1533 623 1635 647 exer-

301 675 529 714 citationem
551 676 590 713 in
612 675 817 714 latrocinio
839 683 877 714 et
897 675 1126 714 amentiam.

347 742 567 791 ‚Dolabella
605 741 661 779 vir
705 741 888 791 optimus,
932 741 1014 788 etsi,
1057 755 1147 779 cum
1194 740 1416 779 scribebam
1460 740 1635 778 secunda

303 819 438 844 mensa
467 805 658 856 apposita,
681 805 835 844 venisse
856 819 946 843 eum
974 807 1024 844 ad
1052 805 1165 843 Baias
1186 805 1408 852 audiebam,
1431 812 1564 843 tamen
1584 804 1635 842 ad

304 884 367 909 me
397 885 443 909 ex
473 870 686 909 Formiano
711 869 873 920 scripsit,
902 884 999 920 quas
1027 870 1173 908 litteras
1203 884 1294 908 cum
1316 884 1337 909 6
1356 869 1515 908 balineo
1542 868 1636 907 exis-

304 949 385 974 sem
425 935 572 986 accepi,
610 949 694 974 sese
734 936 784 974 de
823 935 1079 974 attributione
1118 935 1253 973 omnia
1293 949 1447 973 summa
1485 934 1634 972 fecisse.

303 1001 534 1040 Vettienum
566 1008 724 1039 accusat
749 1001 925 1051 (tricatur
956 1001 1104 1039 scilicet
1136 1009 1177 1038 ut
1213 1000 1449 1050 monetalis),
1484 1001 1554 1038 sed
1585 999 1636 1037 ait

304 1074 430 1105 totum
453 1066 655 1116 negotium
677 1066 847 1104 Sestium
872 1074 1050 1104 nostrum
1076 1066 1305 1116 suscepisse,
1330 1066 1525 1116 optimum
1556 1064 1637 1115 qui-

304 1133 395 1170 dem
418 1132 526 1169 illum
554 1131 679 1169 virum
709 1131 911 1181 nostrique
938 1131 1264 1169 amantissimum.
1325 1132 1483 1180 Quaero
1503 1138 1634 1168 autem
1681 1148 1695 1178 ,-

305 1197 401 1247 quid
439 1198 601 1235 tandem
639 1196 786 1235 Sestius
826 1195 864 1233 in
904 1197 978 1235 hac
1016 1210 1056 1234 re
1095 1198 1222 1234 facere
1256 1195 1378 1246 possit
1413 1196 1521 1245 quod
1556 1209 1636 1233 non

304 1262 430 1312 quivis
466 1270 655 1300 nostrum.
717 1263 794 1300 Sed
827 1262 857 1300 si
884 1262 981 1312 quid
1008 1269 1161 1312 praeter
1192 1275 1302 1311 spem
1334 1262 1416 1309 erit,
1445 1262 1564 1300 facies
1596 1269 1637 1299 ut

304 1328 449 1375 sciam,
498 1327 558 1365 sin
597 1335 665 1375 est,
708 1335 749 1365 ut
788 1328 961 1375 arbitror,
1000 1327 1202 1378 negotium
1242 1327 1450 1377 perditum,
1492 1326 1638 1365 scribes

303 1401 437 1432 tamen
459 1407 588 1443 neque
609 1393 681 1431 ista
703 1406 761 1431 res
783 1393 1061 1431 commovebit.

257 1465 285 1502 6
360 1460 444 1496 NOS
472 1458 535 1496 hic
566 1462 856 1508 φιλοσοφοῦμεν
883 1457 996 1509 (quid
1017 1457 1123 1496 enim
1144 1457 1250 1495 aliud
1267 1457 1297 1508 ?)
1324 1465 1362 1496 et
1390 1460 1436 1496 τὰ
1464 1458 1546 1508 περὶ
1573 1461 1639 1496 τοῦ

306 1526 529 1574 καθήκοντος
549 1523 756 1574 magnifice
779 1523 1018 1573 explicamus
1039 1527 1414 1574 wpooqbwvofifterque
1431 1522 1638 1571 Ciceroni,

305 1604 383 1640 qua
417 1591 467 1628 de
498 1603 538 1628 re
570 1589 675 1627 enim
707 1589 837 1638 potius
871 1596 980 1638 pater
1013 1588 1126 1627 filio?
1196 1588 1353 1627 Deinde
1384 1588 1469 1626 alia.
1530 1587 1639 1637 Quid

306 1654 489 1705 quaeris?
527 1653 693 1692 exstabit
728 1667 847 1704 opera
880 1653 1202 1704 peregrinationis
1234 1653 1360 1692 huius.
1420 1655 1639 1691 Varronem

306 1720 425 1758 hodie
456 1726 522 1757 aut
557 1732 640 1757 cras
676 1726 884 1757 venturum
921 1719 1138 1768 putabant;
1178 1733 1250 1769 ego
1284 1726 1416 1757 autem
1451 1718 1491 1756 in
1526 1720 1640 1756 Pom-

305 1785 490 1836 peianum
531 1785 800 1834 properabam,
837 1798 918 1822 non
955 1799 1034 1834 quo
1071 1787 1146 1823 hoc
1185 1787 1274 1823 loco
1307 1784 1518 1834 quicquam
1558 1784 1640 1833 pul-

306 1850 436 1888 chrius
458 1851 526 1888 sed
549 1849 857 1899 interpellatores
874 1850 951 1888 illic
970 1851 1099 1889 minus
1118 1850 1282 1889 molesti.
1332 1851 1409 1888 Sed
1430 1849 1638 1899 perscribe,

307 1929 468 1965 quaeso,
489 1928 590 1964 quae
611 1928 728 1953 causa
749 1915 797 1952 sit
821 1916 967 1965 Myrtili
991 1925 1155 1966 (poenas
1181 1916 1341 1966 quidem
1364 1915 1473 1953 illum
1495 1928 1638 1965 pepen-

307 1981 412 2020 disse
432 1980 580 2027 audivi)
604 1988 642 2019 et
664 1981 808 2019 satisne
830 1989 961 2031 pateat
982 1984 1088 2020 unde
1109 1989 1326 2031 corruptus.

357 2097 365 2115 1
397 2086 541 2117 Servilia
570 2086 759 2117 Corradus:
795 2087 919 2117 Selicia
945 2086 1034 2117 codd.
1055 2098 1061 2117 :
1086 2086 1166 2125 fort.
1195 2086 1313 2117 Cilicia
1446 2096 1465 2116 2
1491 2096 1558 2115 non
1576 2096 1642 2125 qua

309 2130 447 2170 pompa]
476 2141 596 2169 magna
623 2142 745 2170 pompa
780 2130 832 2161 Fr.
871 2130 1041 2161 Schmidt:
1083 2141 1149 2160 non
1179 2141 1245 2169 qua
1278 2140 1400 2168 pompa
1431 2130 1642 2159 adsuevisset

310 2172 511 2204 Lelmmnn:
544 2185 612 2204 non
639 2175 777 2213 antiqua
806 2185 929 2214 pompa
957 2174 1042 2204 Reid
1171 2185 1191 2213 9
1213 2174 1287 2203 lzinc
1314 2173 1420 2213 incipit
1447 2184 1568 2202 novam
1595 2178 1638 2212 cp.

310 2228 340 2248 a.
361 2217 390 2247 d.
410 2219 443 2247 vi
456 2217 534 2248 Kal.
552 2217 633 2249 Nov.
654 2230 684 2249 a.
708 2229 770 2257 710
790 2219 861 2257 (443
881 2218 994 2248 datam
1018 2217 1120 2247 Ruele
1237 2217 1393 2255 optimus,
1413 2217 1475 2246 etsi
1502 2216 1642 2246 Msillcrz

310 2261 465 2299 optimus.
522 2262 590 2292 Sed
615 2263 642 2292 si
670 2261 730 2292 M:
772 2263 920 2300 optimus
950 2266 999 2291 est
1071 2261 1141 2291 Etsi
1175 2260 1276 2291 Orelli
1461 2265 1535 2289 ante
1567 2271 1640 2290 cum

311 2304 384 2334 add.
407 2305 488 2334 haec
508 2306 597 2336 Crat.
716 2316 752 2343 13
778 2305 957 2345 monetalis
978 2305 1122 2335 Scln'ilz:
1148 2305 1247 2334 homo
1268 2303 1398 2334 talisM
1487 2314 1523 2341 14
1550 2304 1640 2333 iilum

311 2348 446 2387 quidem
464 2349 563 2379 Klotz
700 2359 735 2387 17
759 2349 869 2387 quivis
888 2348 1077 2386 lllalasfiina
1096 2361 1102 2379 z
1125 2348 1200 2387 quis
1213 2347 1254 2377 M
1384 2357 1423 2386 19
1442 2351 1517 2387 post
1534 2357 1643 2386 neque

312 2391 386 2422 add.
417 2403 468 2422 me
502 2392 692 2431 Wesrnbmg
824 2402 863 2430 27
901 2393 1029 2431 Myrtili
1058 2391 1190 2422 Moser:
1216 2390 1352 2431 Myrtilo
1376 2390 1463 2421 codd.
1602 2392 1643 2420 28

313 2441 426 2475 pateat
445 2436 596 2467 Ernesti:
621 2441 714 2476 patet
731 2435 819 2466 codd.
839 2447 845 2466 :
871 2441 986 2475 pareat
1006 2434 1116 2465 Moser

1658 821 1696 842 10

1660 1473 1701 1495 20
