1827 2798
194 144 265 183 XI.
288 144 366 182 xiv
663 145 718 182 M.
751 143 919 181 TVLLI
951 142 1258 181 CICERONIS

307 258 478 309 quidem,
512 264 553 295 ut
588 256 754 302 solebas,
787 253 980 293 consolari
1012 253 1221 304 faterisque
1255 254 1294 293 id
1328 253 1410 293 fieri
1442 253 1518 293 iam
1554 267 1633 293 non

308 336 431 372 posse.
493 323 578 359 Nec
606 320 710 359 enim
741 333 787 358 ea
816 327 906 357 sunt
933 332 1034 369 quae
1063 327 1172 357 erant
1198 327 1314 357 antea
1340 333 1441 367 cum,
1468 327 1510 358 ut
1537 318 1634 357 nihil

306 388 424 434 aliud,
447 386 611 424 comites
638 400 700 424 me
721 393 757 424 et
779 385 907 423 socios
934 385 1078 423 habere
1098 385 1297 434 putabam.
1358 386 1508 423 Omnes
1529 384 1635 423 enim

307 451 470 491 Achaici
509 453 782 501 deprecatores
827 450 1001 499 itemque
1038 449 1078 487 in
1112 449 1207 487 Asia
1245 449 1388 499 quibus
1431 463 1513 489 non
1555 457 1636 488 erat

307 518 496 568 ignotum,
520 517 636 555 etiam
660 516 803 566 quibus
828 523 918 562 erat,
942 515 982 553 in
1004 514 1176 553 Africam
1199 515 1384 553 dicuntur
1407 514 1633 565 navigaturi.
1657 527 1673 558 5

308 585 368 621 Ita
398 590 550 632 praeter
580 581 758 620 Laelium
789 581 987 619 neminem
1023 581 1153 618 habeo
1186 581 1325 630 culpae
1360 580 1537 627 socium;
1570 579 1638 630 qui

308 655 439 685 tamen
475 648 551 685 hoc
587 647 748 685 meliore
781 646 820 683 in
854 659 972 684 causa
1009 653 1067 683 est
1102 646 1210 694 quod
1244 644 1322 682 iam
1357 653 1414 682 est
1446 652 1635 695 receptus.

265 721 288 748 2
314 715 370 750 I)e
399 726 462 750 me
491 720 623 751 autem
653 725 734 750 non
762 711 903 750 dubito
931 710 1025 760 quin
1051 711 1101 748 ad
1131 709 1300 747 Balbum
1328 717 1366 748 et
1390 710 1440 747 ad
1462 709 1639 759 Oppium

307 776 501 827 scripserit
517 792 526 823 3
550 791 571 814 a
589 776 742 826 quibus,
760 775 790 813 si
808 775 904 825 quid
921 782 1022 813 esset
1038 773 1188 820 laetius,
1203 773 1343 812 certior
1358 775 1482 811 factus
1499 787 1637 820 essem,

308 850 438 880 tecum
460 841 577 879 etiam
599 849 729 879 essent
750 839 882 878 locuti.
943 839 1192 888 Quibuscum
1214 846 1255 876 tu
1276 839 1326 876 de
1347 839 1423 876 hoc
1444 838 1530 888 ipso
1551 852 1640 876 con·
1663 850 1701 871 10

309 909 469 956 loquare
489 906 605 944 velim
634 914 670 944 et
695 907 745 943 ad
775 919 837 943 me
866 904 961 954 quid
990 903 1059 942 tibi
1085 903 1358 953 responderint
1379 903 1535 950 scribas,
1559 917 1640 941 non

309 972 417 1021 quod
444 971 496 1009 ab
522 970 596 1009 isto
624 972 727 1009 salus
756 971 847 1008 data
869 970 1080 1020 quicquam
1107 968 1287 1006 habitura
1307 968 1355 1006 sit
1376 968 1638 1014 firmitudinis,

310 1037 379 1074 sed
400 1044 532 1074 tamen
552 1035 702 1085 aliquid
724 1034 877 1073 consuli
898 1042 936 1072 et
958 1034 1126 1084 prospici
1147 1033 1299 1084 poterit.
1358 1033 1440 1071 Etsi
1462 1033 1641 1072 omnium

310 1109 567 1151 conspectum
596 1102 746 1147 horreo,
772 1099 997 1150 praesertin]
1026 1100 1101 1137 hoc
1127 1113 1282 1149 genero,
1306 1108 1438 1138 tamen
1464 1099 1502 1136 in
1525 1099 1641 1137 tantis

268 1177 291 1212 3
313 1166 422 1204 malis
447 1166 544 1216 quid
569 1166 676 1204 aliud
698 1166 813 1203 velim
844 1179 924 1203 non
951 1164 1111 1214 reperio.
1172 1164 1344 1213 Quintus
1372 1164 1506 1215 pergit,
1529 1172 1571 1203 ut
1591 1166 1642 1203 ad
1665 1174 1700 1206 15

314 1245 375 1270 me
402 1240 440 1270 et
463 1234 589 1270 Pansa
618 1230 770 1281 scripsit
798 1238 836 1268 et
862 1229 1026 1275 Hirtius,
1054 1229 1164 1279 isque
1194 1229 1288 1268 item
1310 1230 1482 1268 Africam
1512 1238 1642 1280 petere

313 1310 402 1335 cum
435 1296 574 1335 ceteris
605 1295 759 1334 dicitur.
818 1296 883 1333 Ad
912 1294 1133 1332 Minucium
1155 1296 1372 1333 Tarentum
1404 1295 1572 1333 scribam
1604 1303 1642 1333 et

313 1369 398 1400 tuas
437 1361 583 1399 litteras
622 1360 801 1407 mittam;
848 1361 899 1397 ad
934 1367 972 1397 te
1011 1358 1177 1397 scribam
1218 1373 1313 1397 num
1354 1360 1450 1410 quid
1484 1359 1639 1409 egerim.

314 1428 385 1465 HS
410 1430 499 1463 m
524 1426 698 1476 potuisse
724 1426 891 1471 mirarer,
915 1425 989 1463 nisi
1011 1427 1132 1464 multa
1153 1428 1203 1465 de
1226 1425 1439 1464 Fufidianis
1461 1424 1639 1475 praediis.

312 1498 333 1531 †
348 1500 385 1530 et
412 1491 583 1530 advideo
609 1499 742 1530 tamen
769 1496 1014 1541 exspecto†,·
1046 1506 1163 1542 quem
1191 1491 1333 1538 videre,
1357 1490 1387 1529 si
1415 1492 1495 1529 ullo
1523 1490 1643 1528 modo
1667 1502 1704 1524 20

314 1564 441 1607 potest
464 1556 608 1607 (poscit
633 1556 738 1594 enim
764 1556 851 1606 res),
875 1556 1073 1605 pervelim.
1135 1559 1219 1595 lam
1247 1565 1463 1595 extremum
1488 1556 1644 1593 conclu-

313 1622 417 1661 ditur
433 1637 442 1670 3
472 1626 492 1664 †
502 1621 557 1660 ibi
577 1621 691 1660 facile
712 1629 779 1669 est,
797 1622 904 1671 quod
922 1623 1037 1672 quale
1058 1621 1106 1660 sit
1124 1621 1187 1660 hic
1208 1621 1361 1673 gravius
1381 1619 1600 1660 existimare
1611 1628 1640 1659 †.

317 1688 424 1726 Vale.

358 1826 443 1862 XV
602 1830 671 1862 Ser.
692 1832 951 1874 Brundisiprz'd.
973 1834 1021 1865 Id.
1043 1833 1123 1865 Mai.
1143 1844 1174 1865 a.
1196 1843 1254 1873 707
1272 1833 1357 1875 (47).

736 1910 910 1941 CICERO
935 1911 1106 1942 ATTICO
1132 1910 1231 1941 SAL.
1669 1908 1705 1939 ²5

278 1995 297 2023 1
371 1985 571 2035 Quoniam
593 1986 713 2027 iustas
735 2003 872 2028 causas
892 1990 1021 2028 adfers
1042 2003 1141 2039 quor
1162 1997 1199 2027 te
1220 1989 1296 2026 hoc
1317 1995 1494 2037 tempore
1514 1985 1645 2025 videre

316 2065 396 2090 non
426 2051 588 2102 possim,
613 2067 774 2103 quaeso,
802 2056 921 2104 cogita
948 2054 1043 2104 quid
1073 2054 1121 2092 sit
1152 2053 1247 2091 mihi
1277 2053 1514 2092 faciendum.
1574 2053 1646 2090 Ille

364 2167 401 2187 12
425 2159 515 2197 quod
542 2158 617 2188 M2:
652 2170 718 2190 om.
744 2158 822 2191 M¹=
857 2169 925 2198 quo
953 2159 1067 2189 Baiter
1195 2168 1238 2189 20
1261 2159 1320 2189 sed
1349 2158 1448 2189 avide
1475 2162 1588 2188 tamen
1613 2161 1647 2187 te

317 2206 479 2240 exspecto
506 2203 584 2233 coni.
609 2202 797 2243 Wsenbasg
926 2213 963 2232 21
993 2203 1100 2242 poscit
1126 2202 1304 2233 Graevius:
1339 2206 1415 2241 post
1440 2201 1495 2232 M:
1533 2204 1648 2240 potest

318 2238 362 2273 Z¹¹
379 2255 386 2274 :
409 2250 460 2275 est
480 2245 601 2276 Rosius
718 2257 760 2276 22
784 2246 825 2276 ibi
845 2245 904 2276 tibi
923 2246 1019 2277 facile
1036 2251 1088 2277 est
1101 2244 1283 2286 (iudicium
1298 2244 1432 2286 facere>
1445 2245 1533 2284 quod
1547 2245 1647 2283 quale

317 2288 360 2317 sit
373 2288 426 2318 hic
441 2290 576 2326 gravius
590 2295 641 2320 est
654 2290 847 2320 existimare
859 2290 908 2320 vel
916 2291 1020 2320 simile
1029 2289 1112 2329 quid
1123 2288 1311 2328 {Vesenberg
1325 2300 1332 2319 z
1347 2288 1430 2327 sort.
1444 2288 1532 2325 quod
1547 2287 1646 2326 quale

317 2332 360 2361 sit
378 2332 422 2361 ibi
442 2333 535 2362 facile
553 2337 616 2367 est,
635 2333 687 2363 hic
704 2334 840 2372 gravius
857 2334 1050 2363 existimare
1154 2333 1243 2372 quod
1261 2332 1317 2363 M:
1343 2332 1423 2371 quid
1440 2326 1483 2362 Zb
1592 2330 1648 2361 hic

318 2377 453 2415 gravius
472 2376 519 2406 C:
543 2376 653 2414 gravis
671 2376 729 2407 M:
753 2387 856 2417 grave
874 2382 925 2407 est
941 2376 962 2406 l
1100 2378 1141 2406 26
1166 2386 1249 2414 quor
1269 2375 1406 2405 Vrsinus
1423 2374 1535 2415 (sedis
1550 2375 1622 2409 cur)
1640 2383 1648 2403 :

318 2420 397 2458 qnid
416 2418 475 2449 M:
502 2421 592 2458 quod
608 2419 679 2451 edd.
857 2431 896 2459 27
923 2419 1033 2460 cogita
1050 2419 1125 2450 add.
1148 2418 1270 2449 Mt'iller
1284 2419 1350 2449 coll.
1370 2419 1413 2449 ix.
1436 2428 1484 2457 17.
1503 2428 1522 2448 2
1539 2429 1545 2448 ε
1564 2417 1648 2456 fort.

316 2473 454 2504 quaere,
474 2473 600 2502 quaeso
