1827 2798
646 141 758 179 EPP.
790 141 867 180 AD
897 141 1155 180 ATTICVM
1467 143 1536 182 IX.
1555 144 1655 184 viic

225 246 386 287 victoria
406 247 472 296 uti,
495 248 680 298 quoniam
709 249 845 300 reliqui
872 249 1100 289 crudelitate
1127 250 1262 290 odium
1289 252 1459 302 effugere
1479 266 1558 291 non

225 320 437 362 potuerunt
467 327 595 363 neque
616 314 817 352 victoriam
847 315 992 353 diutius
1022 323 1153 354 tenere
1183 325 1334 366 praeter
1362 331 1485 355 unum
1514 320 1556 356 L.

226 378 373 415 Sullam
405 391 524 427 quem
559 378 777 416 imitaturus
812 393 892 417 non
926 393 1024 418 sum.
1086 382 1199 419 Haec
1239 395 1341 420 nova
1379 382 1427 420 sit
1461 382 1558 421 ratio

225 442 410 481 vincendi
431 451 472 480 ut
493 443 759 482 misericordia
783 452 820 482 et
849 445 1077 483 liberalitate
1111 459 1183 484 nos
1215 447 1448 485 muniamus
1510 449 1557 486 Id

189 520 343 557 5quem
382 509 432 545 ad
472 509 636 546 modum
675 509 756 546 fieri
795 509 917 559 possit
955 523 1034 547 non
1074 512 1180 548 nulla
1219 511 1271 548 mi
1310 511 1350 549 in
1385 519 1557 550 mentem

224 572 386 610 veniunt
417 579 463 610 et‘
485 574 606 611 multa
630 573 785 622 reperiri
815 582 988 624 possunt.
1050 576 1110 613 De
1138 574 1197 612 his
1225 576 1340 613 rebus
1367 590 1461 626 rogo
1488 591 1557 615 vos

225 645 266 675 ut
287 637 564 687 cogitationem
582 638 812 688 suscipiatis.

279 703 327 740 N.
362 703 539 753 Magium
580 703 745 753 Pompei
784 705 1024 754 praefectum
1064 705 1320 755 deprehendi.
1400 706 1598 745 Scilicet2

225 780 315 805 meo
345 766 523 806 instituto
553 782 644 806 usus
674 782 760 806 sum
790 777 828 807 et
857 783 947 807 eum
972 769 1102 807 statim
1133 770 1295 808 missum
1326 770 1409 809 feci.
1471 774 1554 810 Iam

167 845 207 869 10
225 834 306 870 duo
326 832 511 882 praefecti
531 834 684 871 fabrum
707 834 869 883 Pompei
891 834 930 871 in
952 848 1079 872 meam
1107 843 1341 884 potestatem
1366 844 1557 875 venerunt

225 905 262 935 et
292 911 314 935 a
344 911 406 935 me
437 897 543 935 missi
570 906 669 936 sunt.
731 898 770 936 Si
800 900 931 936 volent
959 899 1055 948 grati
1085 912 1180 945 esse,
1213 901 1419 938 debebunt
1444 903 1557 940 Pom-

224 962 356 1011 peium
379 962 521 1000 hortari
544 970 586 1000 ut
607 962 715 1000 malit
737 963 832 1001 mihi
856 976 940 1000 esse
966 963 1116 1001 amicus
1144 978 1262 1013 quam
1291 965 1335 1002 iis
1356 965 1422 1014 qui
1444 974 1482 1004 et
1502 966 1556 1004 illi

223 1034 261 1064 et
304 1026 400 1064 mihi
447 1040 601 1076 semper
648 1028 805 1065 fuerunt
854 1027 1122 1073 inimicissimi,
1173 1041 1340 1077 quorum
1384 1030 1555 1069 artificiis

223 1092 406 1129 effectum
427 1099 485 1129 est
506 1099 548 1128 ut
568 1104 627 1129 res
647 1091 805 1141 publica
825 1091 865 1128 in
886 1092 990 1129 hunc
1011 1099 1154 1129 statum
1176 1092 1403 1141 perveniret.

165 1269 202 1301 15
265 1255 384 1290 VIII
479 1258 550 1291 Ser.
571 1260 604 1290 in
620 1259 798 1290 Formiano
809 1259 893 1301 prid.
913 1260 961 1291 Id.
984 1259 1083 1291 Mart.
1102 1271 1132 1292 a.
1154 1270 1208 1300 705
1223 1260 1308 1301 (49).

636 1348 809 1380 CICERO
832 1348 1012 1379 ATTICO
1033 1348 1138 1380 SAL.

275 1426 520 1466 Cenantibus
551 1439 579 1464 11
610 1427 706 1465 Idus
732 1426 847 1465 nobis
875 1440 920 1464 ac
950 1434 1069 1464 noctu
1100 1426 1261 1476 quidem
1292 1426 1435 1465 Statius
1465 1440 1487 1465 a
1517 1435 1553 1465 te
1573 1439 1589 1465 1

220 1491 427 1541 epistulam
458 1493 616 1531 brevem
646 1492 785 1530 attulit.
856 1494 917 1530 De
948 1494 990 1530 L.
1017 1493 1221 1541 Torquato
1251 1493 1359 1541 quod
1387 1492 1550 1542 quaeris,

220 1569 301 1594 non
333 1559 455 1595 modo
478 1557 622 1595 Lucius
653 1558 722 1595 sed
754 1556 872 1595 etiam
894 1558 1018 1594 Aulus
1046 1558 1242 1606 profectus
1273 1564 1341 1603 est,
1365 1587 1372 1595 .
1396 1587 1404 1594 .
1428 1587 1435 1595 .
1458 1559 1554 1595 alter

161 1632 202 1655 20
220 1622 374 1659 multos.
433 1623 494 1659 De
512 1621 769 1659 Reatinorum
786 1633 931 1658 corona
946 1622 1055 1670 quod
1071 1620 1218 1668 scribis,
1238 1623 1402 1660 moleste
1418 1623 1498 1660 fero
1514 1622 1554 1659 in

217 1699 309 1736 agro
331 1685 478 1724 Sabino
499 1693 715 1723 sementem
732 1684 813 1722 fieri
834 1683 1137 1734 proscriptionis,
1178 1684 1386 1722 Senatores
1407 1687 1551 1724 multos

217 1764 302 1789 esse
325 1753 478 1788 Romae
498 1764 570 1788 nos
597 1763 756 1799 quoque
781 1749 1039 1787 audieramus
1100 1748 1256 1798 Ecquid
1283 1757 1394 1799 potes
1421 1749 1551 1789 dicere

218 1830 286 1854 cur
307 1815 496 1854 exierint?
549 1816 597 1853 In
618 1816 676 1853 his
694 1815 789 1853 locis
810 1814 945 1864 opinio
965 1822 1023 1852 est
1043 1813 1268 1852 coniectura
1289 1814 1410 1864 magis
1431 1828 1548 1864 quam
1569 1827 1594 1854 2

219 1881 359 1919 nuntio
388 1888 454 1919 aut
484 1880 618 1919 litteris
648 1881 857 1920 Caesarem
889 1879 1052 1917 Formiis
1081 1893 1114 1916 a.
1147 1880 1183 1917 d.
1217 1891 1260 1916 XI
1292 1881 1379 1917 Kal.
1408 1879 1551 1929 Aprilis

161 1956 199 1987 ²5
220 1947 311 1984 fore.
373 1945 452 1983 Hic
491 1959 564 1995 ego
602 1946 741 1983 vellem
781 1945 924 1983 habere
965 1943 1131 1982 Homeri
1178 1943 1282 1982 illam
1330 1943 1550 1982 Minervam

219 2010 441 2049 simulatam
473 2009 645 2048 Mentori
673 2009 737 2048 cui
765 2009 948 2055 dicerem,

220 2110 225 2112 ’
286 2093 444 2142 Μέντορ,
474 2096 549 2132 πῶς
576 2091 607 2130 τ’
638 2093 694 2141 ἄρ’
723 2093 773 2140 ἴω,
806 2094 878 2131 πῶς
908 2092 938 2129 τ’
969 2090 1015 2141 ἂρ
1043 2092 1328 2141 προσπτύξομαι
1358 2091 1490 2134 αι”τόν,·

263 2197 282 2226 8
308 2196 367 2235 N.]
396 2195 500 2225 ERJJ
515 2196 699 2229 petrarcha,
720 2196 756 2231 cf
778 2195 961 2233 13.8,13A
975 2205 1003 2233 1,
1021 2199 1052 2224 et
1067 2195 1155 2225 Plus.
1176 2195 1296 2235 Pomp.
1321 2196 1384 2234 63:
1419 2195 1480 2225 Cn.
1503 2196 1550 2226 Os

221 2250 262 2270 Jo
287 2240 414 2269 fabrum
443 2239 502 2269 M:
536 2237 680 2277 partium
706 2238 845 2268 E³ORI
864 2238 1047 2272 Pctrarclm,
1067 2239 1103 2277 ‘f
1124 2237 1299 2268 Lelmnum
1321 2238 1423 2270 ‘Ast'
1444 2240 1505 2269 166
1532 2249 1548 2277 7

219 2287 248 2313 et
263 2283 415 2314 Srhmt'dl
435 2283 465 2311 z'n
488 2292 493 2299 ·
510 2282 624 2312 Rlzein.
641 2281 745 2312 Μιι3.’
764 2284 879 2321 <1897l
903 2292 963 2320 149
987 2292 1025 2320 51
1175 2292 1211 2321 17
1237 2292 1261 2312 11
1280 2275 1402 2312 ZIAnt.
1424 2282 1488 2314 M2.
1508 2283 1545 2321 cſs

218 2327 261 2357 vi.
282 2328 311 2357 8.
333 2337 345 2356 1
366 2325 412 2363 (Z
431 2351 436 2362 ,
456 2326 552 2357 Fam.
570 2326 635 2356 xiv,
661 2337 690 2364 4.
715 2336 734 2364 3
756 2325 942 2355 illommsen
967 2327 1000 2354 in
1026 2324 1133 2356 C.I.L.
1153 2326 1171 2356 i.
1189 2331 1221 2365 p.
1239 2328 1321 2364 561:
1356 2326 1399 2356 H.
1421 2327 1452 2356 d.
1471 2325 1545 2355 M':

221 2370 304 2408 prid.
329 2370 417 2409 vulg.
601 2370 639 2399 18
662 2370 750 2408 quod
772 2370 908 2407 quaeris
929 2368 986 2399 (TE
1000 2369 1079 2400 Ant.
1099 2381 1105 2400 z
1139 2370 1230 2408 quod
1249 2370 1349 2399 modo
1367 2370 1501 2408 quaeris
1519 2375 1546 2399 Δ

223 2423 262 2452 19
286 2417 360 2443 ante
382 2413 466 2442 alter
490 2413 655 2442 amissmn
679 2423 742 2442 esse
767 2412 892 2442 videtur
911 2412 997 2442 alter
1020 2413 1104 2442 duos
1128 2413 1260 2452 aliquos
1286 2413 1358 2443 dies
1382 2413 1478 2444 abest
1500 2413 1550 2444 vel

220 2457 326 2487 simile
341 2456 438 2496 quid:
463 2462 542 2486 ante
560 2456 662 2486 multo
680 2455 766 2486 Reid
894 2457 935 2486 26
959 2457 1189 2486 adsimulatam
1207 2456 1293 2487 Reid
