1827 2798
175 140 244 178 IX.
268 151 298 178 x
658 143 713 180 M.
739 141 915 178 ‘TVLLI
947 139 1254 180 CICERONIS

280 252 330 289 ad
351 250 681 289 consultationem
707 258 827 288 tuam.
887 249 927 288 Si
956 251 1115 288 Gnaeus
1147 248 1260 289 Italia
1279 250 1396 298 cedit,
1419 250 1459 289 in
1480 251 1619 290 urbem

280 317 527 353 redeundum
557 323 677 365 puto;
718 328 819 363 quae
853 314 959 352 enim
994 314 1082 353 finis
1116 315 1484 366 peregrinationis?'
1527 318 1620 354 Hoc

281 380 377 417 mihi
415 381 530 429 plane
573 378 708 425 haesit,
749 386 787 416 et
825 392 932 416 nunc
979 378 1032 417 ita
1076 379 1192 418 video
1233 379 1428 418 infinitum
1472 381 1620 419 bellum

281 444 458 482 iunctum
481 443 695 482 miserrima
715 445 805 493 fuga
834 457 953 494 quam
975 451 1016 482 tu
1037 444 1390 494 peregrinationem
1407 447 1616 497 ὑποκορίζῃ.

238 509 465 559 5Sequitur
510 511 682 560 χρησμὸς
728 521 768 546 V1
809 511 863 546 K.
903 509 1144 556 Februarias,
1188 512 1298 560 ‘Ego
1336 510 1367 549 si
1408 510 1620 561 Pompeius

281 582 414 612 manet
442 574 481 611 in
514 574 626 611 Italia
649 588 722 612 nec
746 587 806 612 res
826 575 877 612 ad
898 574 1122 624 pactionem
1151 574 1267 622 venit,
1290 575 1443 625 longius
1473 576 1621 613 bellum

280 648 377 690 puto
398 641 502 687 fore,
532 639 591 677 sin
614 639 769 677 Italiam
796 638 993 688 relinquit,
1013 640 1064 676 ad
1089 647 1289 689 posterum
1316 641 1464 678 bellum
1486 642 1622 679 ἄσπον-

281 705 344 743 δοι]
363 704 456 742 strui
477 704 680 742 existimo.⁷
722 703 853 742 Huius
876 703 990 754 igitur
1011 703 1102 741 belli
1123 717 1196 754 ego
1217 705 1410 755 particeps
1432 713 1470 744 et
1490 705 1620 744 socius

282 777 320 808 et
340 769 494 807 adiutor
518 782 602 807 esse
632 782 750 818 cogor
770 770 879 819 quod
906 776 945 807 et
973 769 1159 807 ἄσπονδον
1184 777 1242 807 est
1268 776 1304 807 et
1328 783 1419 808 cum
1440 770 1622 809 civibus?

284 834 440 873 Deinde
462 847 517 871 vll
550 835 646 872 Idus
678 834 802 880 Febr.,
826 847 917 872 cum
947 833 1024 872 iam
1054 836 1165 884 plura
1193 834 1347 873 audires
1377 836 1427 873 de
1455 835 1619 886 Pompei

282 899 458 946 consilio,
492 899 695 937 concludis
731 898 939 949 epistulam
979 901 1180 949 quandam
1214 900 1291 938 hoc
1344 901 1476 947 modo,
1512 902 1620 950 ‘Ego

282 965 443 1015 quidem
474 964 543 1002 tibi
573 979 653 1003 non
679 964 751 1002 sim
778 973 925 1012 auctor,
948 965 979 1003 si
1010 965 1222 1015 Pompeius
1249 965 1403 1003 Italiam
1425 965 1619 1016 relinquit,

282 1037 319 1068 te
341 1043 499 1079 quoque
520 1031 737 1080 profugere.
795 1031 961 1068 Summo
988 1030 1094 1068 enim
1121 1030 1295 1080 periculo
1322 1030 1440 1069 facies
1468 1044 1540 1069 nec
1568 1031 1621 1070 rei

282 1094 463 1146 publicae
491 1094 664 1144 proderis
683 1109 692 1142 3
722 1094 816 1144 quoi
843 1094 1004 1144 quidem
1033 1094 1225 1145 posterius
1252 1095 1396 1145 poteris
1421 1097 1622 1145 prodesse,

284 1160 315 1198 Si
352 1160 561 1198 manseris.'
619 1161 749 1208 Quem
782 1161 1008 1210 φιλόπατριν
1035 1173 1081 1199 ac
1115 1161 1306 1199 πολιτικὸν
1335 1160 1506 1199 hominis
1537 1175 1622 1211 pru-

287 1224 415 1263 dentis
454 1232 492 1262 et
529 1224 645 1262 amici
683 1224 749 1262 tali
793 1224 1001 1263 admonitu
1040 1238 1120 1263 non
1166 1233 1339 1263 moveret
1383 1226 1623 1263 auctoritas?

240 1293 267 1330 6
292 1290 488 1339 Deinceps
519 1302 564 1327 111
596 1291 692 1328 Idus
723 1291 836 1329 Febr.
856 1290 996 1328 iterum
1029 1289 1125 1328 mihi
1154 1291 1368 1340 respondes
1402 1290 1622 1329 consulenti

285 1354 354 1401 sic,
398 1356 540 1404 ‘Quod
575 1355 727 1404 quaeris
758 1369 780 1393 a
815 1369 877 1394 nie
912 1357 1096 1405 fugamne
1136 1356 1347 1394 defendam
1385 1369 1436 1393 an
1470 1369 1621 1393 moram

283 1419 476 1458 utiliorem
504 1428 649 1469 putem,
673 1433 746 1469 ego
766 1433 857 1458 vero
885 1420 924 1458 in
949 1420 1168 1470 praesentia
1198 1420 1372 1458 subitum
1402 1419 1620 1459 discessum

282 1492 320 1523 et
351 1485 603 1534 praecipitem
635 1485 920 1535 profectionem
955 1499 1045 1524 cum
1078 1484 1149 1523 tibi
1178 1493 1260 1523 tum
1292 1485 1365 1535 ipsi
1396 1486 1535 1523 Gnaeo
1566 1485 1620 1523 in-

282 1550 417 1588 utilem
456 1558 494 1588 et
532 1550 790 1600 periculosam
830 1558 926 1600 puto
965 1558 1004 1588 et
1046 1550 1165 1588 satius
1204 1564 1289 1588 esse
1333 1549 1513 1588 existimo
1551 1563 1621 1588 vos

282 1615 504 1665 dispertitos
544 1623 581 1653 et
621 1615 659 1653 in
699 1615 867 1665 speculis
907 1629 1016 1663 esse;
1065 1617 1135 1654 sed
1170 1615 1324 1653 medius
1360 1615 1476 1653 fidius
1510 1622 1622 1664 turpe

282 1680 397 1718 nobis
418 1687 514 1729 puto
535 1693 619 1718 esse
640 1681 690 1718 de
711 1681 801 1729 fuga
822 1680 1016 1729 cogitare.’
1062 1681 1154 1717 Hoc
1176 1687 1287 1729 turpe
1309 1680 1469 1717 Gnaeus
1492 1687 1622 1717 noster

283 1744 444 1783 biennio
478 1752 568 1782 ante
600 1744 796 1793 cogitavit.
858 1746 918 1782 Ita
951 1743 1142 1782 sullaturit
1171 1743 1326 1781 animus
1355 1743 1438 1781 eius
1469 1752 1506 1781 et
1538 1756 1622 1793 pro-

283 1809 477 1859 scripturit
499 1809 574 1847 iam
596 1809 677 1847 diu.
722 1810 836 1857 Inde,
858 1817 900 1846 ut
921 1809 1071 1859 opinor,
1094 1822 1184 1847 cum
1207 1816 1248 1846 tu
1269 1810 1319 1846 ad
1341 1822 1404 1846 me
1425 1809 1620 1858 quaedam

283 1873 517 1926 γενικώτερον
546 1871 763 1922 scripsisses
793 1879 831 1910 et
853 1885 924 1921 ego
946 1871 1041 1909 mihi
1061 1885 1084 1909 a
1104 1879 1141 1910 te
1164 1869 1392 1923 [quaedam]
1415 1871 1621 1921 significari

284 1945 483 1989 putassem
508 1945 549 1975 ut
579 1936 691 1974 Italia
717 1938 909 1983 cederem,
933 1936 1136 1974 detestaris
1164 1937 1240 1973 hoc
1267 1936 1472 1985 diligenter
1495 1947 1538 1973 xi
1569 1937 1621 1974 K.

286 2005 415 2049 Mart„
450 2004 559 2052 ‘Ego
580 2016 670 2040 vero
692 2003 798 2039 nulla
822 2001 988 2051 epistula
1017 2000 1242 2051 significavi,
1265 2001 1295 2038 si
1324 2002 1483 2039 Gnaeus
1509 2000 1623 2038 Italia

285 2069 456 2114 cederet,
476 2074 518 2105 ut
548 2075 589 2105 tu
619 2080 698 2104 una
727 2068 896 2112 cederes,
919 2073 986 2103 aut
1015 2067 1051 2103 si
1077 2065 1301 2115 significavi,
1331 2079 1411 2102 non
1442 2065 1533 2103 dico
1567 2065 1621 2103 fui

329 2183 350 2210 9
374 2176 407 2201 et
423 2171 498 2202 add.
519 2171 699 2201 Ascensius
811 2180 849 2200 12
875 2180 949 2200 sum
966 2169 1143 2200 Asccnsius
1258 2170 1354 2209 18,19
1379 2170 1537 2208 fugamne
1553 2193 1560 2201 .
1583 2193 1590 2201 .
1610 2193 1618 2201 .

286 2216 419 2255 putem]
445 2216 496 2245 Ita
522 2215 596 2245 Otto
614 2214 750 2247 Miiller:
787 2214 946 2251 fugamne
975 2214 1073 2243 fidam
1099 2216 1191 2251 (corr.
1212 2224 1251 2243 ex
1278 2213 1399 2244 fedaml
1426 2224 1468 2243 an
1495 2223 1620 2243 moram

288 2260 464 2288 defendam
483 2260 649 2289 utiliorem
668 2263 783 2297 putem
801 2257 857 2289 M:
885 2258 1041 2296 fugamne
1058 2258 1218 2287 suadeam
1236 2267 1278 2287 an
1298 2267 1422 2287 moram
1441 2257 1621 2287 defendam

288 2303 524 2340 utilioremque
543 2308 656 2341 putem
674 2302 794 2331 Klotz:
820 2302 977 2340 fugamne
1000 2301 1133 2331 foedam
1151 2311 1195 2331 an
1214 2310 1339 2331 moram
1362 2300 1511 2330 desidem
1530 2300 1621 2330 utili-

288 2356 378 2375 orem
398 2351 511 2384 putcm
529 2346 622 2376 Man.
695 2355 746 2384 21,
767 2355 807 2374 22
832 2356 892 2375 vos
910 2345 1106 2384 dispertitos
1124 2343 1223 2374 Rom.
1244 2343 1351 2383 vulg:
1377 2353 1436 2373 eos
1454 2344 1529 2380 (vos
1548 2343 1620 2384 ΜΩ)

289 2390 463 2428 dispertim
482 2399 541 2419 eos
558 2389 599 2419 M
685 2390 727 2418 26
751 2390 916 2427 quaedam
929 2388 987 2419 del.
1009 2387 1132 2418 Sclzz‘c'tz
1232 2397 1276 2428 29
1298 2387 1327 2417 si
1345 2386 1422 2418 add.
1441 2387 1529 2427 vulg.

1641 523 1658 555 5

1642 850 1681 873 10

1646 1175 1680 1207 ¹5

1642 1499 1680 1521 20
