1827 2798
175 148 248 186 XI.
270 147 380 184 xxiii
670 147 726 184 M.
758 145 926 183 TVLLI
957 143 1264 184 CICERONIS

299 259 338 297 in
360 259 404 297 iis
425 258 560 296 litteris
581 256 725 303 nescio,
744 257 814 295 sed
835 255 931 294 mihi
946 258 1059 295 valde
1081 256 1253 306 Quintus
1269 258 1384 297 frater
1402 260 1623 309 gratulatur.

300 323 498 373 Equidem
518 322 558 360 in
579 335 670 360 meo
691 329 801 360 tanto
828 329 992 371 peccato
1013 321 1109 359 nihil
1134 335 1184 361 ne
1203 322 1441 373 cogitatione
1465 323 1626 373 quidem

252 397 276 434 3
297 388 461 438 adsequi
491 400 653 437 possum
677 388 787 437 quod
815 386 911 424 mihi
940 387 1142 425 tolerabile
1170 387 1294 438 possit
1319 402 1414 427 esse.
1474 390 1534 427 Te
1558 402 1627 426 oro

296 461 338 491 ut
372 454 423 491 de
454 454 527 491 hae
563 452 704 490 misera
732 451 880 502 cogites
911 459 950 490 et
984 451 1081 490 illud
1115 453 1165 491 de
1195 466 1275 502 quo
1303 455 1354 492 ad
1383 461 1421 492 te
1452 453 1627 504 proxime

296 518 443 568 scripsi,
467 526 509 556 ut
535 517 685 568 aliquid
712 517 942 556 conficiatur
966 518 1018 555 ad
1045 516 1220 567 inopiam
1247 520 1566 569 propulsandam,
1589 527 1627 557 et
1648 528 1665 558 5

296 584 415 623 etiam
439 585 490 622 de
516 582 603 633 ipso
628 591 874 622 testamento.
937 584 1042 621 Illud
1068 596 1229 633 quoque
1249 585 1389 622 vellem
1416 592 1532 622 antea
1558 585 1628 622 sed

297 649 431 688 omnia
469 648 682 686 timuimus.
754 647 900 686 Melius
938 647 1099 697 quidem
1134 647 1174 685 in
1209 648 1387 698 pessimis
1422 648 1518 687 nihil
1557 649 1628 687 fuit

297 714 475 754 discidio.
532 713 695 763 Aliquid
716 712 944 751 fecissemus
964 720 1007 750 ut
1026 712 1096 750 viri
1116 714 1176 751 vel
1197 714 1418 751 tabularum
1439 727 1627 752 novarum

297 780 460 821 nomine
490 780 551 817 vel
580 786 861 816 nocturnarum
895 777 1230 828 expugnationum
1260 781 1320 817 vel
1354 781 1539 818 Metellae
1568 781 1628 817 vel

298 845 477 884 omnium
512 846 705 882 malorum
720 858 730 891 3
772 856 847 882 nec
875 857 935 881 res
966 843 1129 893 perisset
1160 851 1198 881 et
1229 843 1450 883 videremur
1480 844 1628 894 aliquid
1654 858 1689 879 ιο

298 910 444 950 doloris
474 909 592 948 virilis
622 909 818 949 habuisse.
880 908 1047 947 Memini
1077 909 1242 947 omnino
1272 917 1357 948 tuas
1386 910 1532 948 litteras
1559 911 1629 948 sed

298 984 336 1015 et
358 984 513 1025 tempus
533 975 654 1022 i11ud;
683 974 756 1014 etsi
775 973 931 1025 quidvis
958 973 1157 1023 praestitit.
1220 976 1338 1013 Nunc
1365 962 1526 1025 quidem
1547 974 1630 1024 ipse

299 1041 453 1080 videtur
472 1040 729 1088 denuntiare;
756 1039 940 1078 audimus
964 1039 1069 1077 enim
1091 1040 1141 1077 de
1169 1047 1296 1077 statua
1318 1040 1444 1079 Clodi.
1505 1042 1631 1079 Gene-

300 1121 438 1146 rumne
455 1114 630 1144 nostrum
646 1105 894 1156 potissimum
909 1106 967 1143 vel
982 1105 1057 1143 hoc
1071 1105 1131 1142 vel
1146 1105 1298 1143 tabulas
1313 1108 1463 1144 novas?
1497 1107 1629 1144 Placet

302 1172 398 1210 mihi
436 1171 550 1222 igitur
583 1179 621 1209 et
652 1170 746 1209 item
780 1169 851 1208 tibi
882 1169 1064 1207 nuntium
1103 1169 1257 1207 remitti.
1318 1172 1429 1208 Petet
1467 1172 1629 1210 fortasse
1652 1182 1689 1213 15

301 1238 454 1277 tertiam
484 1237 728 1288 pensionem.
787 1236 1005 1276 Considera
1036 1235 1150 1286 igitur
1179 1244 1315 1274 tumne
1344 1250 1435 1275 cum
1463 1238 1514 1275 ab
1544 1237 1630 1288 ipso

303 1311 484 1341 nascetur
502 1316 552 1340 an
574 1302 691 1352 prius.
748 1304 833 1351 Ego
854 1301 885 1339 si
906 1303 986 1339 ullo
1007 1302 1128 1339 modo
1150 1309 1326 1351 potuero,
1349 1304 1409 1340 vel
1430 1303 1631 1340 nocturnis

303 1368 507 1406 itineribus
528 1366 702 1416 experiar
721 1374 764 1404 ut
790 1374 828 1405 te
847 1365 1013 1404 videam.
1073 1367 1136 1403 Tu
1157 1374 1195 1404 et
1222 1367 1319 1405 haec
1336 1375 1373 1405 et
1394 1366 1425 1405 si
1446 1367 1541 1417 quid
1563 1368 1631 1406 erit

305 1434 414 1484 quod
434 1432 585 1471 intersit
605 1445 693 1470 mea
713 1430 810 1470 scire
830 1430 976 1470 scribas
997 1430 1124 1470 velim.
1184 1433 1293 1470 Vale.

350 1599 501 1635 XXIV
614 1601 683 1632 Scr.
702 1599 867 1631 Brundisi
878 1600 936 1631 viii
948 1599 999 1631 Id.
1017 1599 1104 1631 Sext.
1121 1610 1151 1631 α.
1171 1610 1229 1640 707
1246 1600 1327 1640 (47).
1656 1614 1696 1635 20

718 1695 894 1726 CICERO
918 1695 1091 1726 ATTICO
1124 1695 1220 1727 SAL.

273 1799 291 1826 1
364 1788 477 1835 Quae
497 1786 651 1824 dudum
670 1786 722 1823 ad
743 1798 805 1823 me
826 1793 863 1823 et
884 1798 985 1834 quae
1005 1784 1123 1823 etiam
1143 1785 1217 1829 †ad
1239 1797 1302 1822 me
1321 1782 1445 1823 visat†
1465 1781 1634 1820 Tulliam

308 1851 358 1890 de
380 1865 442 1889 me
462 1849 658 1901 scripsisti,
682 1863 728 1888 ea
748 1849 874 1888 sentio
895 1863 980 1887 esse
1000 1863 1100 1887 vera.
1161 1851 1222 1887 Eo
1243 1862 1329 1886 sum
1357 1847 1541 1894 miserior,
1564 1846 1634 1885 etsi

352 1966 368 1994 7
393 1954 521 1986 omnia]
541 1960 692 1994 tempora
709 1954 757 1984 vel
770 1954 884 1985 omina
900 1953 1052 1985 Schmidt
1204 1954 1224 1983 8
1248 1958 1283 1983 ut
1300 1953 1361 1983 viri
1379 1952 1613 1991 Pantagathus
1630 1963 1635 1981 z

306 2005 342 2030 ut
368 2000 434 2029 uiui
460 1999 567 2029 codd.:
594 1998 647 2028 vel
672 1998 740 2028 vini
767 1999 846 2028 coni.
871 1998 1060 2038 lfl'esmbmg
1209 2008 1230 2036 9
1254 1998 1393 2027 alterum
1411 1995 1464 2026 vel
1482 1999 1559 2025 ΣΔε
1582 1995 1634 2025 vel

308 2045 341 2074 in
371 2041 470 2073 lls'Zl:
499 2043 596 2072 velim
614 2040 678 2071 Z‘J:
705 2042 757 2072 vel
778 2043 914 2072 nomine
934 2041 1107 2072 Schmidt:
1132 2041 1230 2071 villae
1251 2041 1330 2071 coni.
1354 2040 1472 2069 Orelli:
1496 2039 1638 2069 omittere

307 2088 376 2118 vult
397 2087 584 2126 ll'esenbcrg
689 2096 727 2116 12
754 2086 867 2125 Nunc]
885 2086 936 2115 hic
949 2085 1064 2116 desinit
1083 2083 1128 2114 JV
1233 2094 1270 2123 13
1297 2085 1493 2114 renuntiare
1513 2082 1636 2112 Grono-

307 2132 380 2162 vius
501 2131 542 2160 de
567 2134 680 2160 statua
705 2130 802 2160 Clodi
828 2130 949 2167 conieci,
970 2130 1007 2168 cf.
1028 2129 1126 2169 Frag.
1148 2140 1176 2158 V.
1198 2139 1262 2159 20:
1289 2128 1329 2157 de
1353 2127 1471 2157 staturi
1493 2126 1581 2156 elodi
1599 2124 1640 2154 ΝΙ

312 2186 348 2213 14
368 2175 466 2215 prius
482 2175 533 2204 vel
552 2174 680 2204 conieci:
705 2179 740 2204 ut
752 2173 840 2204 codd.
854 2185 860 2203 ι
887 2174 993 2203 locum
1010 2173 1055 2202 ila
1072 2173 1238 2212 mplicaw'l
1253 2171 1406 2202 Schmidt
1417 2171 1635 2200 Generumne

310 2223 462 2249 nostrum
481 2218 592 2256 potius
608 2226 663 2257 rgsc.
680 2218 946 2257 exspectabimus)
960 2222 995 2247 ut
1011 2217 1074 2246 hoc
1094 2223 1147 2253 (sc.
1162 2216 1274 2254 cfficial
1285 2227 1288 2247 l
1301 2214 1352 2245 vel
1368 2215 1498 2245 tabulas
1513 2214 1635 2243 novas.2

315 2265 351 2292 16
374 2272 448 2292 cum
465 2260 559 2292 Man.
580 2273 587 2292 ;
611 2262 678 2291 vim
695 2261 782 2292 codd.
874 2261 915 2291 ab
932 2260 1005 2300 ipso
1022 2260 1104 2291 Ant.
1121 2260 1189 2291 Fl:
1213 2260 1318 2289 abuso
1336 2258 1377 2288 M
1509 2257 1547 2286 18
1571 2256 1636 2286 hoc

315 2305 504 2345 lVescnberg
625 2315 663 2343 19
688 2315 761 2335 mea
780 2304 924 2334 Ernesti:
951 2315 1002 2334 me
1019 2303 1107 2334 codd.
1236 2313 1277 2333 22
1301 2312 1388 2341 quae
1405 2301 1505 2331 etiam
1523 2300 1564 2330 ad
1582 2310 1634 2329 1110

310 2349 360 2379 bis
377 2350 417 2379 ad
436 2344 482 2378 Zb
500 2361 505 2379 :
530 2360 614 2388 quae
636 2349 736 2378 etiam
750 2353 829 2378 ante
844 2349 894 2377 bis
910 2349 951 2378 ad
967 2347 1043 2378 Vt'cl.
1061 2359 1067 2377 z
1090 2357 1177 2386 qnae
1191 2347 1290 2377 etiam
1309 2347 1349 2376 ad
1366 2355 1458 2375 meos
1477 2344 1507 2373 id
1526 2348 1576 2373 est
1594 2344 1635 2373 ad

310 2392 453 2423 Mz'iller:
485 2394 584 2431 (quae
609 2393 710 2422 etiam
732 2393 773 2422 ad
798 2402 850 2421 1110
872 2392 935 2427 vis)
960 2392 1001 2421 ad
1026 2390 1221 2422 Lehmann:
1248 2390 1333 2430 sort.
1357 2389 1399 2420 ad
1424 2399 1476 2418 me
1500 2387 1550 2418 bis
1569 2390 1638 2417 crat

309 2442 385 2467 nola
403 2437 521 2468 scribae
537 2436 578 2466 ad
596 2446 648 2466 me
666 2436 713 2465 In's
728 2435 887 2465 inscrtum
894 2435 1003 2474 fuisse
1019 2434 1192 2465 indicantis
