1827 2798
567 147 680 185 EPP.
711 147 789 184 AD
819 146 1078 186 ATTICVM
1350 146 1446 184 XII.
1478 146 1634 183 xxxvii

162 255 433 308 propinquitas
449 264 647 307 praeterea
662 256 729 295 ubi
746 256 808 305 sis,
824 270 873 295 ne
889 264 1015 295 toturn
1032 256 1137 296 diem
1152 255 1193 296 in
1209 256 1351 296 villam.
1395 258 1486 306 Qua

161 336 202 360 re
230 329 321 360 ante
351 335 469 372 quam
500 321 681 368 discedis,
708 323 924 369 Othonem,
944 321 975 360 si
1006 323 1159 360 Romae
1183 330 1251 369 est,
1275 322 1486 361 convenias

161 386 359 438 pervelim.
418 386 458 425 Si
484 386 580 424 nihil
614 386 695 433 erit,
727 386 799 425 etsi
828 394 869 424 tu
898 400 1026 424 meam
1055 386 1258 424 stultitiam
1288 386 1486 426 consuesti

161 453 269 499 ferre,
305 464 352 490 eo
384 459 516 489 tamen
550 451 772 501 progrediar
800 451 855 489 uti
885 452 1139 490 stomachere.
1200 453 1351 490 Drusus
1380 452 1485 490 enim

126 530 141 560 5
162 524 265 555 certe
286 517 456 554 vendere
475 517 567 553 vult.
627 516 667 554 Si
696 529 788 566 ergo
812 515 920 554 aliud
946 529 1027 553 non
1054 516 1137 564 erit,
1158 529 1245 554 mea
1272 516 1342 554 erit
1371 518 1487 566 culpa

162 581 236 619 nisi
267 594 410 619 emero.
470 581 560 629 Qua
583 579 623 618 in
652 594 691 618 re
722 594 772 618 ne
798 581 915 627 labar,
942 593 1100 630 quaeso,
1126 581 1298 631 provide.
1358 581 1487 619 Provi-

162 647 283 686 dendi
312 656 443 686 autem
464 661 542 685 una
562 647 659 686 ratio
679 655 737 686 est
761 647 791 686 si
819 647 914 697 quid
935 649 985 686 de
1005 648 1234 698 Scapulanis
1263 660 1483 698 possumus.

163 714 213 750 Et
242 712 359 750 velim
389 726 452 751 me
481 712 685 751 certiorem
715 712 833 751 facias
860 726 978 763 quarn
1008 712 1076 752 diu
1107 712 1147 751 in
1177 712 1404 751 suburbano
1435 710 1486 749 sis

161 778 323 815 futurus.

108 853 145 876 10
217 842 337 891 Apud
357 841 582 880 Terentiam
603 848 681 879 tam
701 840 823 891 gratia
848 854 947 891 opus
976 848 1034 879 est
1063 841 1178 880 nobis
1199 849 1265 879 tua
1285 854 1403 891 quam
1423 853 1486 878 au·
1504 850 1529 888 3

163 905 350 944 ctoritate.
411 907 489 944 Sed
509 906 626 944 facies
646 914 688 943 ut
708 905 913 944 videbitur.
972 898 1062 944 Scio
1093 905 1199 944 enim
1223 905 1255 943 si
1279 905 1375 956 quid
1400 918 1488 943 mea

162 970 312 1008 intersit
332 970 403 1009 tibi
423 971 559 1009 maiori
579 984 693 1009 curae
714 972 837 1009 solere
857 984 942 1009 esse
962 984 1080 1020 quam
1102 970 1208 1008 mihi.

205 1077 429 1112 XXXVII
443 1088 467 1111 a
511 1079 580 1111 Ser.
597 1080 744 1110 Asturae
758 1079 796 1110 iii
807 1079 895 1111 Non.
913 1077 996 1110 Mai.
1014 1090 1043 1110 a.
1064 1088 1122 1119 709
1142 1078 1223 1119 (45).

568 1155 738 1186 CICERO
769 1155 949 1186 ATTICO
981 1154 1087 1186 SAL.

110 1239 146 1270 15
222 1227 376 1266 Hirtius
396 1228 447 1266 ad
468 1241 531 1266 me
555 1227 708 1277 scripsit
732 1229 818 1266 Sex.
841 1226 1075 1277 Pompeium
1097 1226 1286 1266 Corduba
1306 1224 1430 1264 exisse
1450 1232 1488 1264 et
1510 1228 1558 1271 (4)

165 1292 308 1344 fugisse
343 1291 385 1330 in
424 1291 660 1342 Hispaniam
694 1291 924 1340 citeriorem,
961 1292 1142 1330 Gnaeum
1177 1291 1321 1341 fugisse
1354 1289 1488 1328 nescio

164 1372 244 1408 quo
257 1372 268 1406 3
308 1370 438 1407 neque
471 1356 577 1395 enim
611 1370 715 1394 curo.
777 1356 887 1393 Nihil
925 1364 1123 1406 praeterea
1161 1355 1264 1394 novi.
1323 1355 1489 1393 Litteras

165 1423 352 1462 Narbone
382 1422 492 1461 dedit
520 1433 615 1459 X1111
639 1423 726 1459 Kal.
751 1420 888 1458 Maias.
948 1422 1011 1458 Tu
1040 1420 1137 1458 mihi
1161 1421 1212 1459 de
1236 1419 1378 1459 Canini
1399 1433 1491 1458 nau-

165 1486 285 1538 fragio
312 1487 423 1538 quasi
449 1486 571 1525 dubia
596 1485 743 1524 misisti.
803 1485 956 1524 Scribes
986 1485 1100 1535 igitur
1129 1484 1160 1523 si
1190 1484 1286 1534 quid
1314 1484 1384 1523 erit
1414 1498 1492 1523 cer-

109 1567 149 1590 20
167 1552 253 1591 tius.
295 1553 416 1601 Quod
437 1566 500 1590 me
519 1565 542 1589 a
562 1550 755 1589 maestitia
774 1563 928 1597 avocas,
949 1552 1116 1588 multum
1137 1549 1273 1588 levaris
1300 1549 1331 1587 si
1360 1551 1491 1588 locum

167 1619 259 1656 fano
279 1617 444 1656 dederis.
502 1618 630 1654 Multa
651 1615 744 1653 mihi
768 1618 817 1655 εἷς
836 1615 1043 1653 ἀποθέωσιν
1063 1615 1103 1652 in
1123 1622 1297 1653 mentem
1318 1613 1490 1662 veniunt,

167 1684 237 1721 sed
258 1684 347 1721 loco
366 1683 480 1721 valde
501 1695 600 1732 opus
621 1689 690 1720 est.
750 1682 841 1729 Qua
861 1695 901 1719 re
921 1680 1038 1719 etiam
1060 1680 1262 1718 Othonem
1283 1678 1382 1718 vide.

209 1793 456 1828 XXXVIII
479 1795 548 1827 Scr.
567 1795 714 1825 Asturae
724 1793 810 1835 prid.
829 1793 915 1823 Non.
934 1792 1014 1823 Mai.
1035 1802 1065 1824 a.
1086 1800 1145 1832 709
1165 1791 1243 1832 (45).

568 1870 738 1902 CICERO
768 1869 951 1901 ATTICO
980 1867 1087 1899 SAL.

113 1954 149 1985 25
221 1944 316 1982 Non
345 1942 485 1982 dubito
509 1942 604 1992 quin
633 1940 959 1992 occupatissimus
986 1939 1103 1978 fueris
1127 1938 1194 1988 qui
1223 1939 1274 1977 ad
1303 1951 1366 1976 me
1395 1936 1493 1975 nihil
1519 1943 1536 1970 1

169 2008 410 2056 litterarum3
457 2008 526 2045 sed
573 2008 695 2045 homo
742 2019 914 2055 nequam
962 2003 1029 2054 qui
1076 2011 1188 2041 tuum
1235 2003 1492 2040 commodum

216 2120 230 2140 1
257 2111 311 2141 ubi
329 2111 375 2141 sis
391 2109 477 2141 codd.
497 2109 599 2140 Reid:
625 2110 717 2139 urbis
733 2108 784 2139 Fr.
798 2107 965 2138 Schmidt:
992 2106 1081 2137 utilis
1098 2105 1176 2136 coni.
1196 2105 1279 2135 Boot
1366 2105 1399 2135 in
1416 2104 1496 2135 villa

171 2153 267 2185 Man.
286 2166 292 2183 :
309 2155 351 2184 ad
363 2154 470 2183 villam
483 2153 560 2183 coni.
576 2153 700 2182 Mz'iller
784 2163 803 2190 4
821 2152 869 2181 uti
882 2151 1094 2181 stomachere
1104 2160 1132 2179 v.
1148 2159 1171 2179 c.
1183 2147 1212 2177 L
1225 2148 1362 2189 (weng.)
1377 2143 1420 2177 Zb
1434 2159 1440 2177 :
1459 2153 1494 2178 ut

171 2197 206 2228 in
222 2197 444 2228 istomachere
456 2195 512 2226 M:
538 2201 573 2226 ut
585 2196 626 2226 mi
641 2195 852 2225 stomachere
863 2193 932 2224 edd.
949 2204 1013 2223 non
1032 2193 1115 2222 nulli
1201 2201 1220 2230 5
1246 2202 1314 2221 non
1331 2191 1405 2229 erit,
1420 2201 1494 2221 mea

174 2240 345 2272 Graevius:
363 2241 436 2277 erit,
452 2249 519 2269 non
532 2249 605 2269 mea
617 2238 840 2268 MLehmann
910 2246 949 2267 10
964 2241 1030 2267 tam
1041 2236 1141 2266 Boot:
1157 2240 1215 2266 tua
1225 2234 1299 2265 add.
1314 2235 1342 2264 L
1355 2236 1494 2275 (margi)

173 2290 229 2314 tua
246 2283 359 2323 quam]
379 2288 502 2321 tuaque
520 2282 636 2312 Lamb.
657 2294 663 2312 z
687 2287 744 2312 tua
761 2286 884 2319 tuaque
901 2274 945 2310 Zb
1124 2288 1161 2317 13
1185 2282 1356 2319 epistulam
1374 2288 1495 2308 novam

171 2327 281 2367 incipz't
295 2325 443 2357 Schmidt
545 2336 584 2364 19
608 2325 743 2355 Scribes
764 2324 882 2354 Orelli:
913 2322 1039 2353 scribas
1063 2321 1150 2353 codd.
1241 2332 1284 2352 20
1307 2322 1429 2352 levaris
1447 2320 1474 2351 C
1489 2331 1496 2351 :

173 2380 236 2400 om.
255 2370 297 2400 M
425 2379 465 2399 22
489 2373 590 2408 atque
607 2369 709 2399 etiam
719 2370 795 2409 post
810 2367 910 2398 etiarn
927 2365 1004 2397 add.
1023 2365 1113 2396 Koch

215 2423 279 2444 cxc.
296 2422 344 2443 AD
360 2422 434 2444 ATT.
1366 2407 1408 2438 28
