1827 2798
607 158 718 195 EPP.
751 159 828 195 AD
859 159 1120 198 ATTICVM
1451 158 1522 195 XI.
1546 157 1624 195 xvi

199 263 316 302 fuisse
350 271 391 302 ut
423 278 508 302 eam
544 273 716 314 peterem
751 266 801 303 ab
836 265 912 312 illo,
947 273 985 304 et
1019 280 1067 305 eo
1101 266 1230 305 minus
1266 268 1372 318 quod
1408 267 1524 306 huius

199 328 335 366 consili
363 328 439 367 iam
468 344 516 367 ne
544 330 694 367 socium
723 330 883 379 quidem
912 331 1040 369 habeo
1065 345 1316 381 quemquam.
1378 332 1457 380 Qui
1485 332 1524 370 in

198 393 292 431 Asia
325 402 415 431 sunt
447 408 573 432 rerum
610 395 755 432 exitum
788 403 1025 444 exspectant,
1058 397 1220 434 Achaici
1256 397 1372 435 etiam
1410 399 1522 435 Fufio

197 471 307 507 spem
336 459 623 508 deprecationis
657 461 848 498 adferunt.
914 462 1069 498 Horum
1101 469 1137 499 et
1169 461 1283 500 timor
1312 462 1417 500 idem
1450 462 1522 500 fuit

159 557 172 567 ,
196 521 322 571 primo
343 523 409 573 qui
437 537 547 562 meus
572 532 610 562 et
630 524 912 571 constitutum3
942 538 1050 562 mora
1071 526 1335 564 Alexandrina
1362 540 1519 564 causam

197 585 349 624 illorum
381 588 554 634 correxit,
586 602 713 626 meam
744 588 890 626 evertit.
952 590 1083 637 Quam
1114 590 1165 628 ob
1193 604 1273 628 rem
1302 590 1407 628 idem
1435 605 1457 629 a
1484 599 1521 629 te
1541 601 1565 638 3

195 664 300 689 nunc
327 660 420 701 peto
447 654 555 702 quod
583 653 847 702 superioribus
872 653 1020 701 litteris,
1041 662 1096 700 ut,
1117 654 1148 692 si
1175 654 1271 704 quid
1298 655 1336 692 in
1361 655 1522 705 perditis

195 716 310 753 rebus
331 716 541 765 dispiceres
563 719 671 766 quod
693 717 788 755 mihi
809 725 965 768 putares
987 718 1221 766 faciendum,
1244 733 1307 758 me
1329 734 1518 758 moneres.

195 779 233 818 Si
255 780 420 830 recipior
439 781 489 819 ab
511 781 583 828 his,
597 783 705 831 quod
727 782 835 820 vides
857 796 936 820 non
958 783 1049 829 fieri,
1069 791 1199 822 tamen
1221 785 1352 833 quoad
1374 785 1520 823 bellum

194 844 264 883 erit
299 845 394 894 quid
429 860 540 895 agam
574 855 641 884 aut
676 847 743 885 ubi
778 847 850 885 sim
886 861 966 885 non
1001 848 1175 897 reperio3
1216 848 1275 886 sin
1309 849 1439 895 iactor,
1472 862 1520 888 eo

195 909 334 947 minus.
396 912 535 960 Itaque
557 919 641 949 tuas
663 911 807 949 litteras
832 920 1016 962 exspecto
1044 926 1187 962 easque
1215 921 1256 951 ut
1276 915 1326 952 ad
1350 927 1411 952 me
1436 914 1520 953 sine

193 975 440 1013 dubitatione
461 976 606 1014 scribas
627 990 732 1026 rogo.

247 1040 368 1087 Quod
408 1041 548 1078 suades
588 1048 630 1077 ut
668 1041 718 1078 ad
751 1040 945 1089 Quintum
985 1042 1151 1079 scribam
1191 1043 1241 1080 de
1272 1043 1331 1081 his
1371 1043 1563 1090 litteris,4

192 1105 370 1150 facerem,
404 1104 433 1142 si
470 1118 532 1142 me
567 1104 778 1154 quicquam
810 1104 905 1143 istae
939 1105 1088 1143 litterae
1122 1108 1372 1145 delectarent.
1434 1109 1518 1146 Etsi

155 1183 170 1212 5
192 1168 352 1217 quidam
388 1168 540 1217 scripsit
573 1170 623 1206 ad
658 1182 721 1207 me
755 1169 815 1207 his
845 1169 984 1216 verbis,
1023 1172 1134 1219 ‘Ego
1169 1178 1210 1208 ut
1244 1170 1283 1207 in
1315 1171 1373 1208 his
1406 1172 1517 1210 malis

193 1233 314 1271 Patris
345 1247 430 1271 sum
462 1247 542 1271 non
570 1233 739 1281 invitus;
777 1247 903 1272 essem
931 1234 1125 1281 libentius,
1150 1235 1181 1273 si
1211 1236 1326 1273 frater
1352 1243 1441 1274 tuus
1471 1250 1517 1275 ea

189 1299 239 1336 de
263 1305 301 1336 te
328 1300 551 1347 loqueretur
572 1311 672 1347 quae
699 1311 772 1347 ego
798 1298 933 1336 audire
953 1301 1118 1337 vellem.'
1176 1301 1297 1348 Quod
1323 1300 1378 1338 ais
1406 1301 1515 1338 illum

187 1364 238 1401 ad
270 1370 308 1401 te
343 1363 510 1401 scribere
544 1377 607 1401 me
639 1363 712 1401 sibi
744 1365 869 1401 nullas
901 1363 1044 1401 litteras
1079 1363 1287 1411 remittere,
1315 1367 1434 1403 semel
1463 1366 1514 1403 ab

188 1427 272 1478 ipso
307 1427 451 1477 accepi.
523 1429 587 1466 Ad
618 1441 682 1466 eas
711 1428 945 1477 Cephalioni
975 1428 1067 1466 dedi
1097 1428 1164 1478 qui
1195 1431 1338 1467 multos
1369 1430 1513 1469 mensis

188 1493 486 1543 tempestatibus
518 1501 691 1531 retentus
725 1500 794 1530 est.
854 1492 1047 1541 Quintum
1083 1493 1205 1531 filium
1236 1495 1287 1532 ad
1319 1508 1382 1532 me
1412 1508 1514 1533 acer-

187 1558 346 1596 bissime
374 1558 573 1608 scripsisse
601 1558 677 1595 iam
705 1565 795 1595 ante
822 1558 872 1595 ad
900 1565 937 1595 te
964 1557 1109 1607 scripsi.

241 1625 470 1662 Extremum
505 1631 562 1661 est
596 1624 705 1673 quod
737 1630 774 1661 te
806 1636 925 1669 orem,
959 1622 990 1660 si
1024 1631 1138 1672 putas
1169 1631 1317 1661 rectum
1353 1638 1438 1663 esse
1472 1632 1508 1663 et
1529 1632 1553 1672 5

185 1701 207 1725 a
227 1695 264 1726 te
292 1688 435 1738 suscipi
461 1702 587 1738 posse,
611 1701 701 1726 cum
729 1687 898 1727 Camillo
925 1687 1194 1725 communices
1221 1696 1263 1726 ut
1284 1689 1509 1727 Terentiam

186 1752 377 1790 moneatis
417 1755 467 1791 de
501 1760 748 1791 testamento.
807 1754 1006 1802 Tempora
1040 1760 1203 1790 monent
1237 1761 1279 1790 ut
1307 1753 1437 1791 videat
1469 1761 1511 1792 ut

148 1835 163 1865 5
185 1817 276 1855 satis
303 1817 418 1855 faciat
440 1817 583 1867 quibus
605 1818 758 1856 debeat.
820 1817 1014 1855 Auditum
1040 1830 1085 1855 ex
1108 1816 1321 1855 Philotimo
1345 1825 1402 1856 est
1423 1831 1510 1856 eam

184 1883 369 1919 scelerate
399 1883 594 1931 quaedam
623 1883 759 1920 facere.
820 1881 1019 1921 Credibile
1049 1881 1110 1918 vix
1139 1889 1208 1927 est,
1235 1883 1304 1919 sed
1335 1890 1449 1929 certe,
1478 1883 1509 1921 si

184 1945 279 1995 quid
310 1954 367 1984 est
394 1948 502 1996 quod
530 1946 611 1984 fieri
638 1946 771 1996 possit,
795 1947 1084 1996 providendum
1107 1954 1175 1984 est.
1237 1948 1298 1984 De
1325 1947 1509 1986 omnibus

184 2011 299 2048 rebus
326 2011 442 2048 velim
472 2013 523 2049 ad
553 2025 616 2049 me
643 2011 788 2049 scribas
823 2019 861 2049 et
888 2012 1056 2049 maxime
1086 2012 1181 2061 quid
1211 2011 1355 2049 sentias
1384 2013 1434 2050 de
1463 2026 1509 2050 ea

185 2075 222 2112 in
245 2088 323 2124 qua
342 2083 410 2113 tuo
437 2075 601 2113 consilio
628 2089 724 2125 egeo
751 2075 868 2114 etiam
896 2076 925 2113 si
952 2076 1047 2113 nihil
1068 2075 1273 2126 excogitas.
1335 2077 1383 2114 Id
1402 2076 1507 2115 enim

126 2175 132 2182 ,
187 2139 281 2176 mihi
302 2139 371 2178 erit
393 2154 462 2189 pro
483 2142 699 2190 desperato.
760 2152 805 2177 111
829 2142 931 2178 Non.
958 2142 1045 2178 Iun.

228 2255 246 2282 4
273 2244 393 2274 nullam
412 2243 548 2274 addend.
563 2248 640 2284 post
654 2255 749 2283 spem
766 2245 843 2275 com'.
862 2243 1050 2285 lVesenbevg
1150 2245 1296 2276 afferunt
1314 2246 1399 2277 codd.
1419 2258 1426 2277 :
1449 2257 1506 2277 au-

184 2287 295 2317 serunt
313 2287 427 2318 Mam:
455 2287 612 2317 differunt
627 2287 811 2318 Gronovius
910 2299 949 2318 10
967 2293 1042 2328 post
1060 2289 1164 2319 iactor
1178 2290 1296 2320 liabent
1311 2296 1366 2320 aut
1385 2291 1507 2321 reicior

186 2331 272 2361 Crat.
291 2331 316 2360 L
330 2331 654 2370 (n1a7g.l,glossema
667 2332 749 2361 vocis
760 2332 864 2361 iactor
877 2335 913 2360 ul
927 2332 1053 2362 videtur
1152 2342 1192 2371 25
1218 2334 1317 2363 debet
1331 2334 1507 2364 Ascensius

186 2374 213 2404 L
233 2375 472 2414 t'trtatg.l,so›’t.
488 2378 563 2403 recle
695 2376 736 2404 28
760 2375 886 2404 sentias
901 2374 1106 2415 W⁷ese11bmg:
1133 2377 1261 2407 scribas
1280 2376 1321 2406 M
1463 2388 1506 2416 29

183 2427 248 2457 qua
269 2417 473 2458 Wescnbeaeg:
499 2427 564 2457 quo
583 2417 624 2448 M
709 2419 884 2457 excogites
905 2417 1094 2460 H'csenbcrg
