1827 2798
177 138 248 175 XI.
273 148 334 174 xv
671 137 727 173 M.
760 134 928 172 TVLLI
960 133 1268 172 CICERONIS

301 249 458 289 cruciat.
520 250 681 286 Prorsus
708 246 806 284 nihil
826 246 939 285 abest
959 245 1054 296 quin
1080 245 1153 284 sim
1175 245 1423 285 miserrimus.
1483 247 1562 285 Sed
1582 246 1633 284 ad

302 314 473 365 primum
508 320 678 351 revertor
709 311 805 362 quid
840 318 954 361 putes
988 310 1226 357 faciendum,
1259 312 1466 349 occultene
1499 310 1633 360 aliquo

304 377 464 428 propius
511 376 752 415 veniendum
800 390 851 414 an
899 389 1005 414 mare
1051 376 1348 414 transeundum.
1417 377 1522 414 Nam
1570 374 1634 413 hie

307 442 454 480 maneri
483 441 631 480 diutius
660 455 740 480 non
771 448 911 491 potest.

260 520 286 556 4
358 509 423 546 De
444 506 661 546 Fufidianis
687 520 766 557 qua
794 520 834 545 re
863 506 960 544 nihil
990 505 1117 556 potuit
1147 505 1319 544 confici?
1366 507 1502 544 Genus
1529 504 1634 543 enim
1657 516 1673 548 5

305 572 553 611 condicionis
582 572 665 610 eius
696 571 806 610 modi
837 571 909 609 fuit
938 571 977 609 in
1008 584 1088 621 quo
1119 584 1200 609 non
1235 572 1334 608 solet
1365 584 1450 608 esse
1482 577 1638 608 contro-

304 637 437 684 versia,
475 651 566 676 cum
601 651 648 676 ea
684 650 774 686 pars
812 650 914 686 quae
945 636 1099 675 videtur
1136 649 1222 675 esse
1261 635 1389 674 minor
1422 634 1637 674 licitatione

304 701 448 752 expleri
469 709 612 752 posset.
674 703 766 739 Hoc
787 714 862 751 ego
886 714 966 739 non
991 700 1075 739 sine
1101 714 1220 739 causa
1239 713 1396 750 quaero.
1452 699 1638 749 Suspicor

304 766 410 805 enim
437 767 653 805 coheredes
680 765 842 804 dubiam
869 773 1042 803 nostram
1070 778 1229 803 causam
1257 772 1394 815 putare
1421 772 1459 804 et
1479 777 1527 803 eo
1554 777 1636 802 rem

305 830 344 870 in
365 831 516 882 integro
537 844 622 870 esse
643 831 769 869 malle.
824 831 934 869 Vale.
995 831 1055 868 Pr.
1079 830 1176 868 Idus
1199 829 1336 868 Maias.
1660 841 1699 864 10

349 984 459 1019 XVI
605 986 675 1018 Ser.
697 985 862 1017 Brundisi
874 986 911 1016 iii
923 985 1009 1018 Non.
1030 985 1105 1016 Iun.
1126 996 1155 1017 a.
1179 995 1238 1025 707
1255 985 1339 1025 (473.

726 1075 902 1106 CICERO
927 1074 1098 1105 ATTICO
1125 1073 1224 1105 SAL.

274 1175 290 1201 1
364 1161 458 1198 Non
489 1172 579 1198 meo
607 1157 702 1196 vitio
734 1159 775 1195 fit
805 1159 882 1196 hoc
911 1157 1074 1207 quidem
1104 1164 1281 1207 tempore
1307 1157 1414 1207 (ante
1444 1156 1549 1195 enirn
1580 1164 1637 1196 est

308 1226 532 1275 peccatum)
565 1231 607 1262 ut
639 1237 703 1261 me
737 1223 808 1261 ista
841 1222 1008 1272 epistula
1041 1222 1137 1260 nihil
1169 1223 1403 1260 consoletur.
1463 1223 1566 1260 Nam
1599 1230 1637 1261 et

306 1290 444 1340 exigue
468 1289 611 1339 scripta
630 1296 688 1327 est
709 1296 747 1326 et
768 1287 1014 1337 suspiciones
1040 1300 1201 1337 magnas
1228 1288 1346 1325 habet
1367 1300 1447 1325 non
1475 1300 1560 1325 esse
1585 1288 1635 1325 ab
1660 1302 1697 1334 15

306 1355 398 1402 illo;
436 1368 533 1404 quas
562 1352 887 1392 animadvertisse
916 1359 954 1390 te
983 1351 1173 1390 existimo.
1235 1353 1297 1390 De
1327 1351 1484 1389 obviam
1516 1351 1637 1390 itione

305 1420 358 1458 ita
389 1419 529 1457 faciam
564 1426 607 1456 ut
638 1419 790 1456 suades.
856 1418 999 1466 Neque
1028 1416 1133 1455 enim
1164 1417 1243 1454 ulla
1272 1417 1322 1454 de
1351 1417 1524 1454 adventu
1554 1416 1637 1454 eius

305 1485 441 1536 opinio
465 1492 523 1523 est
544 1497 674 1533 neque
698 1483 729 1521 si
750 1482 818 1532 qui
839 1495 885 1520 ex
905 1481 1001 1520 Asia
1026 1481 1189 1519 veniunt
1216 1481 1428 1531 quicquam
1456 1481 1636 1519 auditum

305 1563 390 1589 esse
411 1549 549 1588 dieunt
569 1550 620 1587 de
640 1561 761 1597 pace;
791 1546 903 1585 cuius
927 1560 1002 1597 ego
1025 1559 1096 1596 spe
1116 1545 1156 1583 in
1178 1547 1280 1584 hanc
1304 1547 1482 1584 fraudem
1503 1545 1635 1584 incidi.

306 1614 415 1653 Nihil
436 1613 553 1652 video
580 1614 689 1663 quod
716 1612 954 1662 sperandum
984 1619 1132 1661 putem,
1159 1624 1265 1649 nunc
1292 1609 1519 1660 praesertim
1546 1623 1637 1648 eum
1661 1627 1701 1648 20

305 1693 352 1718 ea
371 1681 485 1729 plaga
505 1678 544 1716 in
561 1677 656 1715 Asia
676 1677 724 1715 sit
743 1684 917 1726 accepta,
940 1676 980 1713 in
1003 1676 1173 1726 Illyrico,
1194 1675 1233 1713 in
1255 1675 1446 1715 Cassiano
1467 1675 1635 1725 negotio,

307 1744 346 1782 in
376 1744 460 1793 ipsa
484 1743 742 1788 Alexandrea,
770 1741 810 1779 in
841 1742 950 1788 urbe,
974 1742 1017 1779 in
1042 1740 1165 1780 Italia.
1227 1743 1312 1790 Ego
1338 1754 1430 1778 vero
1459 1740 1576 1778 etiam
1608 1739 1638 1777 si

308 1810 502 1848 rediturus
534 1809 598 1846 ille
627 1815 686 1846 est
716 1807 782 1857 qui
817 1808 948 1845 adhuc
983 1807 1131 1845 bellum
1163 1820 1295 1856 gerere
1325 1805 1477 1852 dicitur,
1506 1812 1638 1843 tamen

308 1882 399 1913 ante
420 1874 588 1913 reditum
610 1873 693 1911 eius
715 1872 915 1922 negotium
939 1873 1163 1910 confectum
1185 1870 1228 1908 iri
1249 1878 1356 1920 puto.

266 1958 290 1985 2
364 1941 486 1989 Quod
519 1947 651 1977 autem
691 1937 828 1976 scribis
866 1938 1067 1987 quandam
1102 1935 1288 1975 laetitiam
1323 1936 1519 1974 bonorum
1554 1948 1638 1973 esse
1662 1951 1700 1983 25

309 2013 551 2045 commotam
576 2012 618 2042 ut
640 2004 687 2042 sit
711 2003 890 2042 auditum
919 2003 969 2041 de
996 2001 1141 2048 litteris,
1165 2009 1207 2039 tu
1228 2001 1389 2051 quidem
1417 2000 1513 2038 nihil
1534 2014 1640 2051 prae-

310 2070 489 2110 termittis
526 2070 564 2108 in
604 2083 684 2119 quo
722 2076 836 2119 putes
874 2067 1024 2117 aliquid
1061 2066 1181 2105 solaci
1220 2080 1315 2113 esse,
1349 2068 1419 2105 sed
1453 2080 1526 2116 ego
1560 2079 1640 2104 non

310 2137 488 2174 adducor
508 2147 749 2185 quemquam
771 2134 921 2171 bonum
943 2134 1062 2170 ullam
1084 2133 1249 2170 salutem
1270 2138 1407 2181 putare
1422 2130 1524 2188 *mihi
1545 2129 1642 2168 tanti

355 2249 374 2279 5
400 2239 452 2270 De
470 2239 545 2270 add.
559 2242 630 2270 vett.
743 2239 764 2268 8
789 2238 865 2268 Hoc
884 2240 925 2269 Σε
942 2236 1014 2268 Ber.
1032 2247 1039 2266 :
1063 2237 1147 2267 haec
1166 2235 1207 2266 M
1325 2245 1363 2265 10
1387 2234 1485 2265 malle
1506 2234 1536 2265 Ο
1555 2233 1641 2265 Crat.

315 2284 340 2313 L
360 2285 499 2323 (magni
515 2295 520 2313 :
546 2294 610 2313 om.
632 2281 775 2312 MsRP:
799 2281 886 2311 velle
905 2280 1072 2312 Corradus
1090 2279 1231 2319 Madvzg
1293 2278 1377 2309 Vale
1388 2289 1451 2309 ont.
1468 2278 1499 2308 O
1605 2287 1642 2314 13

311 2327 348 2357 fit
366 2331 450 2358 vet!.:
476 2327 537 2357 suit
555 2326 596 2355 M
694 2335 731 2364 15
756 2325 911 2364 ambigue
929 2324 1086 2363 legmzs
1178 2333 1213 2362 17
1239 2323 1305 2352 ulla
1323 2323 1365 2352 de
1383 2321 1516 2352 Lamb.:
1544 2320 1642 2351 valde

312 2370 367 2400 M:
393 2371 488 2401 valde
507 2371 547 2401 de
568 2369 659 2400 V1'cl.:
683 2369 793 2400 valida
810 2369 853 2399 de
869 2368 947 2398 coni.
964 2367 1077 2398 Bm'ler
1184 2377 1226 2397 22
1253 2367 1284 2396 in
1302 2365 1377 2396 add.
1397 2369 1465 2396 vett.
