1827 2798
580 165 690 202 EPP.
723 166 800 202 AD
830 165 1089 204 ATTICVM
1450 166 1520 202 IX.
1541 165 1645 201 xviii

691 276 697 290 5

173 272 328 324 inquies
350 277 501 313 ‘actum
517 289 567 313 ne
581 289 681 324 agas.

173 341 294 376 multa
314 340 543 377 fefellerunt.

742 275 870 313 Etiam
885 275 993 313 illum
1014 275 1143 325 ipsum
1160 289 1277 325 quem
1300 273 1500 324 sequimur

226 405 304 441 Sed
335 417 407 453 ego
437 412 522 442 tuas
553 404 697 442 litteras
732 414 926 454 exspecto.
986 405 1095 442 Nihil
1125 413 1182 443 est
1212 404 1318 443 enim
1349 404 1425 442 iam
1456 410 1542 448 ut4

172 476 287 506 antea
310 472 318 488 ‘
332 468 550 506 Videamus
571 471 646 507 hoc
668 483 855 517 quorsum
877 471 1040 507 evadat.'
1100 471 1327 508 Extremum
1353 469 1424 507 fuit
1448 471 1498 509 de

135 549 152 579 5
172 547 384 583 congressu
405 542 564 580 nostr0;
594 547 673 583 quo
689 534 851 583 quidem
872 548 952 572 non
970 534 1110 572 dubito
1126 534 1221 583 quin
1243 534 1359 572 istum
1381 535 1501 572 ofsen-

173 597 308 637 derim.
369 599 430 636 Eo
458 599 645 636 maturius
675 600 871 647 agendum
904 607 971 637 est.
1031 599 1189 637 Amabo
1216 606 1263 644 te,
1291 597 1499 648 epistulam

173 671 210 702 et
230 664 449 713 πολιτικήνῐ
507 665 635 702 Valde
656 672 741 702 tuas
762 664 906 702 litteras
928 678 1033 702 nunc
1054 672 1249 714 exspecto.

216 809 327 844 XIX
486 813 552 845 Srr.
573 813 789 855 Atpz'm‘pn‘d,
810 814 852 845 K.
871 813 955 854 Apr.
975 824 1005 845 a.
1025 823 1079 854 70)-
1097 813 1187 854 (49).

588 902 760 933 CICERO
783 901 961 933 ATTICO
983 902 1090 933 SAL.

117 995 155 1017 10
230 982 315 1031 Ego
336 994 426 1019 meo
444 979 636 1026 Ciceroni,
657 979 844 1029 quoniam
868 981 997 1017 Roma
1018 993 1204 1026 caremuS,
1225 979 1362 1030 Arpini
1384 980 1501 1030 potis·
1520 991 1538 1019 1

175 1044 316 1082 simum
348 1053 478 1094 togam
509 1058 645 1094 puram
677 1043 780 1090 dedi,
811 1043 930 1092 idque
960 1043 1225 1093 municipibus
1257 1044 1398 1082 nostris
1428 1044 1500 1082 fuit

173 1117 334 1158 gratum.
396 1109 480 1147 Etsi
512 1108 640 1146 omnis
661 1117 698 1146 et
721 1107 806 1145 illos
835 1116 873 1145 et
894 1121 971 1157 qua
998 1108 1069 1145 iter
1092 1108 1166 1145 feci
1194 1116 1363 1146 maestos
1392 1109 1500 1146 adfli-

174 1182 338 1223 ctosque
353 1173 442 1211 vidi.
494 1175 595 1211 Tam
618 1172 733 1210 tristis
755 1180 792 1210 et
813 1180 892 1209 tam
913 1180 1022 1210 atrox
1042 1181 1100 1210 est
1116 1173 1363 1222 ἀναθεώρησις
1384 1173 1499 1211 huius

176 1238 343 1288 ingentis
372 1238 475 1276 mali.
538 1237 714 1275 Dilectus
742 1237 946 1282 habentur,
976 1236 1014 1274 in
1045 1237 1209 1275 hiberna
1238 1238 1497 1276 deducuntur.

119 1317 156 1350 15
179 1306 237 1342 Ea
263 1317 364 1353 quae
390 1303 508 1342 etiam
539 1316 627 1340 cum
651 1316 673 1340 a
694 1301 808 1340 bonis
836 1301 935 1347 viris,
959 1316 1049 1339 cum
1077 1301 1179 1340 iusto
1206 1302 1245 1340 in
1272 1302 1387 1348 bello,
1411 1315 1501 1340 cum

177 1370 355 1408 modeste
376 1370 485 1414 fiunt,
509 1376 640 1406 tamen
662 1368 745 1417 ipsa
766 1381 834 1417 per
855 1380 896 1405 se
917 1368 1081 1405 molesta
1102 1374 1203 1414 sunt,
1226 1381 1343 1417 quam
1365 1380 1501 1405 censes

173 1434 313 1472 acerba
334 1447 439 1472 nunc
461 1447 556 1481 esse,
579 1446 669 1470 cum
692 1446 714 1469 a
735 1431 896 1481 perditis
917 1431 956 1468 in
979 1431 1080 1469 civili
1102 1431 1249 1470 nefario
1272 1432 1374 1470 bello
1395 1439 1503 1482 petu-

175 1499 388 1537 lantissime
416 1501 534 1537 fiant!
592 1499 698 1537 Cave
726 1506 858 1536 autem
887 1505 1000 1547 putes
1028 1510 1268 1546 quemquam
1299 1496 1500 1535 hominem

175 1563 214 1601 in
238 1565 351 1603 Italia
371 1574 523 1616 turpem
545 1578 630 1603 esse
651 1563 718 1613 qui
740 1563 832 1601 hinc
853 1562 964 1601 absit.
1015 1561 1108 1599 Vidi
1129 1561 1212 1611 ipse
1234 1561 1399 1599 Formiis
1420 1561 1502 1599 uni-

118 1644 158 1666 πο
177 1643 307 1668 versos
328 1644 456 1680 neque
478 1644 541 1669 me
558 1631 715 1668 hercule
737 1641 925 1678 umquam
948 1626 1130 1664 homines
1151 1626 1295 1676 putavi,
1311 1634 1348 1664 et
1365 1640 1501 1665 noram

175 1696 303 1734 omnis
325 1698 394 1735 sed
414 1710 631 1746 numquam
654 1709 733 1733 uno
755 1695 843 1732 loco
864 1692 1047 1731 videram.

228 1764 439 1812 Pergamus
460 1763 574 1812 igitur
594 1776 674 1812 quo
696 1763 824 1811 placet
847 1767 884 1798 et
905 1766 1037 1796 nostra
1061 1756 1194 1796 omnia
1221 1756 1496 1806 relinquamus,
1516 1768 1544 1797 2

173 1827 464 1877 proficiscamur
483 1830 534 1866 ad
555 1842 644 1867 eum
667 1827 729 1865 cui
752 1825 894 1876 gratior
915 1832 1047 1862 noster
1071 1823 1264 1861 adventus
1291 1821 1361 1860 erit
1382 1834 1500 1871 quam

172 1891 204 1929 si
224 1906 303 1930 una
323 1892 540 1931 fuissemus.
601 1894 704 1930 Tum
727 1891 832 1930 enim
862 1903 1016 1928 eramus
1038 1888 1077 1925 in
1099 1887 1267 1925 maxima
1294 1899 1374 1936 spe,
1396 1899 1502 1925 nune

116 1969 152 2000 25
173 1970 246 2006 ego
267 1958 428 2007 quidem
449 1958 489 1995 in
510 1959 640 2003 nulla;
672 1971 743 1995 nec
765 1964 916 2006 praeter
938 1968 1001 1992 me
1023 1953 1230 2003 quisquam
1254 1951 1367 1989 Italia
1387 1949 1502 1989 cessit

175 2022 247 2060 nisi
272 2023 338 2072 qui
366 2025 471 2061 hunc
498 2023 700 2060 inimicum
730 2021 803 2059 sibi
832 2028 994 2071 putaret.
1058 2021 1143 2057 Nec
1166 2031 1227 2055 me
1249 2017 1405 2054 hercule
1426 2017 1502 2054 hoc

174 2087 274 2125 facio
295 2087 348 2126 rei
368 2088 549 2137 publicae
570 2100 686 2125 causa
708 2100 826 2135 quam
849 2085 1025 2123 funditus
1049 2085 1216 2121 deletam
1239 2089 1345 2131 puto,
1362 2081 1431 2118 sed
1452 2093 1502 2118 ne

174 2151 260 2201 quis
290 2166 354 2190 me
383 2160 492 2202 putet
523 2152 714 2201 ingratum
745 2150 784 2187 in
813 2163 902 2187 eum
925 2149 991 2198 qui
1022 2162 1084 2186 me
1113 2146 1253 2185 levavit
1283 2145 1327 2182 iis
1355 2144 1502 2182 incom-

216 2268 234 2296 4
259 2262 368 2287 antea.
398 2256 600 2286 ‘Videamus
618 2255 680 2284 hoc
694 2264 852 2293 quorsum
871 2253 992 2284 evadat
1005 2253 1012 2264 '
1026 2257 1224 2289 extremum,
1240 2251 1284 2281 ita
1302 2249 1504 2290 interpunxit

175 2300 373 2339 Fredcrking
478 2309 634 2338 quorsum
657 2297 865 2327 O-'lx'PM-'32
894 2307 1026 2327 cursum
1044 2295 1097 2325 Ml
1256 2305 1274 2332 5
1298 2293 1500 2324 offenderim

174 2343 265 2374 M²sz
291 2353 396 2373 -erem
417 2341 565 2372 ORPM¹
715 2351 749 2380 17
775 2352 794 2371 a
811 2341 951 2380 perditis
970 2339 1098 2370 civibus
1116 2337 1146 2368 in
1169 2338 1296 2368 nefario
1315 2338 1401 2368 bello
1419 2336 1497 2366 coni.

179 2386 365 2426 [Wesenberg
442 2386 524 2425 fort.
545 2389 573 2415 et
587 2386 638 2415 ln‘c
651 2388 679 2414 c!
694 2385 760 2415 viii.
785 2394 820 2415 11
840 2393 863 2414 n
879 2385 900 2414 6
919 2383 1004 2413 civili
1021 2382 1251 2413 secludendum
1461 2390 1503 2410 20

176 2441 332 2470 umquam
349 2435 398 2460 tot
415 2430 570 2459 homines
587 2428 664 2458 coni.
687 2427 773 2457 Rn'd
873 2437 914 2467 24
940 2427 1118 2457 fuissemus
1134 2426 1175 2456 M
1188 2426 1275 2466 vulg.
1294 2437 1300 2456 ;
1326 2424 1502 2455 ivissemus

176 2475 255 2505 roni.
277 2473 396 2505 Lamb.
414 2484 421 2504 ε
446 2473 646 2511 fugissemus
667 2471 850 2502 Gronovius
