1827 2798
143 133 253 170 XIV.
273 133 382 171 xiiis
659 133 715 169 M.
748 130 917 168 TVLLI
950 128 1259 168 CICERONIS

296 251 456 282 naturae
489 256 609 281 meae.
669 241 779 279 Nihil
813 240 918 279 enim
952 254 1140 290 umquam
1174 254 1254 278 non
1288 240 1409 278 modo
1439 239 1625 278 acerbum

295 310 334 347 in
364 322 426 346 me
454 308 524 346 fuit
548 308 618 346 sed
642 320 692 344 ne
719 307 837 356 paulo
864 305 1026 355 quidem
1055 305 1199 343 tristius
1226 313 1293 343 aut
1317 304 1487 343 severius
1508 318 1626 354 quam

295 372 506 411 necessitas
534 371 587 410 rei
614 371 796 422 publicae
824 370 1045 421 postulavit.
1107 370 1274 408 Accedit
1294 377 1336 407 ut
1360 383 1410 407 ne
1434 369 1473 407 in
1498 369 1626 419 ipsum

295 436 458 487 quidem
498 436 684 476 Clodium
727 449 859 473 meum
902 434 1054 485 insigne
1095 437 1231 473 odium
1272 434 1386 472 fuerit
1424 447 1626 483 umquam,

295 516 529 553 semperque
569 502 622 540 ita
666 501 793 547 statui,
828 515 908 539 non
953 515 1038 539 esse
1083 500 1334 539 insectandos
1378 498 1665 544 inimicorum5

295 567 456 614 amicos,
490 566 716 618 praesertim
752 566 991 613 humiliores,
1024 580 1097 604 nec
1136 566 1196 603 his
1235 564 1438 616 praesidiis
1472 572 1628 603 nosmet

250 642 277 680 4
297 632 402 682 ipsos
434 646 519 670 esse
554 632 792 682 spoliandos.
858 633 961 669 Nam
992 633 1042 669 de
1072 644 1194 680 puero
1222 630 1366 670 Clodio
1395 638 1481 667 tuas
1510 629 1628 680 partis

296 711 382 736 esse
416 698 580 736 arbitror
610 705 651 735 ut
683 697 765 735 eius
800 697 978 734 animum
1010 704 1200 743 tenerum,
1230 709 1348 746 quem
1382 696 1433 733 ad
1465 697 1628 733 modum

295 762 442 809 scribis,
460 762 505 800 iis
526 762 781 813 opinionibus
803 761 957 800 imbuas
973 768 1015 800 ut
1031 775 1081 799 ne
1098 774 1195 811 quas
1215 760 1438 798 inimicitias
1459 760 1628 798 residere

296 827 335 865 in
371 827 526 866 familiis
568 827 710 866 nostris
749 827 965 865 arbitretur.
1037 825 1238 866 Contendi
1276 840 1367 864 cum
1407 827 1448 863 P.
1485 825 1628 865 Clodio
1651 838 1689 861 10

295 907 386 932 cum
415 907 488 944 ego
515 893 715 944 publicam
744 907 913 938 causam,
937 892 1001 930 ille
1028 906 1138 930 suam
1164 892 1404 930 defenderet.
1464 892 1629 929 Nostras

296 960 610 998 concertationes
651 973 710 998 res
749 959 908 1009 publica
947 956 1186 997 diiudicavit.
1257 956 1297 995 Si
1336 956 1496 1004 viveret,
1534 955 1628 993 mihi

255 1035 279 1074 5
297 1039 387 1063 cum
419 1025 485 1063 illo
519 1027 626 1063 nulla
655 1024 859 1064 contentio
889 1023 965 1062 iam
1002 1030 1186 1062 maneret.
1252 1024 1343 1072 Qua
1372 1036 1411 1061 re
1441 1021 1629 1072 quoniam

297 1091 373 1128 hoc
403 1104 426 1128 a
453 1105 516 1129 me
546 1090 600 1128 sic
628 1090 727 1140 petis
758 1097 811 1136 ut,
835 1103 936 1139 quae
970 1096 1037 1127 tua
1071 1096 1244 1139 potestas
1275 1095 1344 1134 est,
1368 1101 1414 1126 ea
1444 1101 1561 1138 neges
1592 1094 1630 1126 te

299 1169 362 1193 me
393 1155 516 1194 invito
548 1169 721 1203 usurum,
748 1169 871 1206 puero
901 1168 1061 1205 quoque
1095 1155 1171 1192 hoc
1200 1168 1224 1192 a
1252 1167 1316 1192 me
1346 1153 1470 1201 dabis,
1497 1153 1528 1191 si
1559 1152 1688 1199 tibi15

298 1221 504 1268 videbitur,
521 1235 600 1259 non
618 1235 697 1271 quo
713 1229 779 1258 aut
800 1228 906 1259 aetas
928 1228 1059 1258 nostra
1079 1220 1129 1258 ab
1150 1219 1253 1257 illius
1272 1227 1400 1258 aetate
1416 1219 1628 1269 quicquam

299 1286 442 1324 debeat
477 1286 637 1336 periculi
673 1285 859 1336 suspicari
893 1293 960 1323 aut
992 1285 1160 1335 dignitas
1200 1299 1288 1323 mea
1319 1287 1439 1323 ullam
1471 1294 1631 1324 conten-

299 1351 448 1389 tionem
488 1351 726 1397 extimescat,
756 1352 825 1389 sed
858 1357 900 1388 ut
932 1357 1087 1388 nosmet
1117 1349 1191 1400 ipsi
1224 1349 1324 1388 inter
1358 1364 1431 1388 nos
1470 1350 1631 1388 coniun-

297 1416 438 1454 ctiores
469 1416 590 1454 simus
621 1430 738 1466 quam
769 1417 900 1454 adbuc
928 1415 1083 1453 fuimus.
1146 1416 1492 1465 Interpellantibus
1525 1416 1630 1454 enim

297 1482 358 1520 his
383 1481 595 1520 inimicitiis
623 1482 777 1520 animus
799 1489 888 1520 tuus
916 1481 1012 1519 mihi
1040 1481 1162 1531 magis
1189 1481 1315 1531 patuit
1335 1495 1454 1531 quam
1475 1483 1628 1520 domus
1653 1494 1692 1516 20

298 1548 377 1586 Sed
398 1549 495 1586 haec
516 1549 717 1586 hactenus.

356 1614 460 1651 Illud
487 1621 715 1652 extremum.
777 1615 862 1663 Ego
889 1627 991 1663 quae
1018 1620 1057 1652 te
1083 1614 1182 1652 velle
1210 1627 1392 1664 quaeque
1418 1614 1469 1652 ad
1489 1620 1527 1651 te
1551 1627 1632 1663 per-

299 1677 422 1716 tinere
442 1678 659 1716 arbitrabor
680 1692 833 1729 semper
854 1679 938 1718 sine
959 1681 1037 1717 ulla
1053 1679 1302 1718 dubitatione
1322 1692 1480 1718 summo
1501 1678 1632 1717 studio

299 1742 450 1781 faciam.
512 1744 606 1781 Hoc
627 1743 742 1782 velim
765 1743 834 1781 tibi
855 1744 1011 1794 penitus
1032 1745 1279 1795 persuadeas

344 1888 455 1924 XIV
547 1892 616 1924 Scr.
639 1894 671 1923 1⁴12
690 1893 843 1924 Cmnano
860 1904 890 1924 a.
913 1894 943 1924 d.
965 1904 985 1924 v
1001 1894 1044 1925 K.
1068 1893 1150 1925 Mai.
1172 1905 1200 1925 (1.
1225 1905 1281 1934 710
1299 1895 1385 1936 (44).
1657 1900 1694 1931 25

708 1982 883 2013 CICERO
916 1983 1087 2014 ATTICO
1117 1984 1151 2014 S.
1188 1985 1226 2015 D.

266 2080 283 2106 1
359 2074 368 2092 ‘
385 2073 587 2110 Iteradum
615 2072 753 2110 eadem
782 2071 854 2109 ista
879 2071 998 2110 mihi)
1058 2074 1280 2111 Coronatus
1302 2072 1475 2122 Quintus
1503 2081 1635 2112 noster

304 2137 519 2175 Parilibus!
571 2135 811 2189 [Parilibus]
891 2138 1089 2176 Solusne?
1147 2137 1230 2176 Etsi
1279 2138 1392 2176 addis
1442 2138 1631 2176 Lamiam.

304 2204 425 2251 Quod
462 2202 633 2240 demiror
667 2202 864 2251 equidem,
895 2204 964 2241 sed
999 2203 1096 2241 scire
1131 2203 1248 2252 cupio
1278 2203 1345 2253 qui
1375 2203 1516 2241 fuerint
1546 2204 1634 2251 alii;

304 2281 545 2317 quamquam
567 2267 658 2305 satis
680 2268 761 2305 scio
783 2267 856 2305 nisi
878 2268 1101 2318 improbum
1123 2269 1334 2308 neminem.
1396 2269 1634 2319 Explanabis
1657 2279 1696 2309 30

306 2332 418 2382 igitur
442 2333 517 2369 hoc
545 2332 780 2382 diligentius
844 2335 929 2382 Ego
956 2342 1087 2371 autem
1117 2346 1210 2371 casu
1239 2347 1330 2372 cum
1358 2334 1556 2372 dedissem
1584 2336 1634 2372 ad

350 2447 392 2467 20
416 2436 495 2466 mihi
515 2439 557 2468 E:
583 2446 648 2467 om.
670 2441 696 2467 Δ
811 2438 853 2467 28
877 2437 1016 2468 allen-11:11
1038 2438 1202 2468 Parilibus
1220 2449 1284 2469 om.
1307 2435 1347 2467 ΖΙ
1363 2449 1391 2469 v.
1414 2449 1434 2468 c.
1454 2438 1533 2468 RPs
1550 2438 1633 2470 Ant.
