1827 2798
636 156 748 195 EPP.
780 157 859 194 AD
889 155 1150 195 ATTICVM
1463 157 1561 194 XII.
1579 156 1706 193 xxxii

281 268 396 306 Haec
427 267 478 305 ad
510 274 548 305 te
582 280 670 306 mea
700 281 831 306 manu.
891 267 1005 315 Vide,
1036 280 1194 318 quaeso,
1227 267 1323 318 quid
1357 268 1555 318 agendum

226 331 284 370 sit.
344 331 512 370 Publilia
541 333 592 370 ad
621 345 684 370 me
714 332 866 382 scripsit
895 341 1059 371 matrem
1087 346 1208 378 suam,
1238 337 1353 371 'tcum
1385 332 1555 371 Publilio
1577 333 1686 375 (xxxii

225 398 485 446 loqueretur†,
518 398 569 435 ad
603 411 667 435 me
698 411 788 435 cum
822 398 889 436 illo
920 405 1122 435 venturam
1158 405 1196 436 et
1228 411 1269 436 se
1300 411 1389 444 una,
1421 398 1452 435 si
1481 411 1555 447 ego
1577 378 1608 419 Ι)

226 469 386 511 paterer.
447 463 542 500 Orat
572 462 703 500 multis
733 469 770 500 et
800 462 1042 512 supplicibus
1070 463 1197 501 verbis
1227 470 1269 500 ut
1297 462 1411 501 liceat
1442 470 1480 501 et
1513 470 1556 500 ut

191 525 301 570 5sibi
335 526 556 564 rescribam.
618 528 697 565 Res
735 540 855 576 quam
894 529 1059 566 molesta
1097 527 1145 565 sit
1176 527 1295 565 vides.
1356 527 1555 577 Rescripsi

227 590 281 628 mi
301 591 419 629 etiam
439 591 591 641 gravius
608 605 693 630 esse
714 599 933 641 quamtum
951 605 1039 629 cum
1062 591 1115 629 illi
1137 591 1319 629 dixissem
1343 605 1405 629 me
1426 593 1554 629 solum

226 668 311 693 esse
330 657 429 693 velle
444 670 453 703 3
483 669 561 705 qua
580 669 620 693 re
641 657 745 694 nolle
767 669 830 694 me
851 657 927 694 hoc
949 664 1124 706 tempore
1147 669 1234 694 eam
1254 657 1305 693 ad
1327 669 1389 694 me
1409 656 1551 695 venire.

227 720 421 758 Putabam
448 720 479 758 si
506 720 603 757 nihil
629 720 913 770 rescripsissem
943 720 1048 758 illam
1070 734 1160 758 cum
1182 728 1304 759 matre
1324 729 1528 759 venturam
1543 735 1554 768 3

227 798 333 822 nunc
367 798 446 822 non
479 792 587 834 puto.
657 786 884 834 Apparebat
915 785 1020 823 enim
1056 785 1138 823 illas
1172 785 1319 823 litteras
1354 798 1435 823 non
1469 799 1554 824 esse

170 865 209 888 ro
227 849 358 899 ipsius.
419 851 523 887 Illud
547 857 679 888 autem
705 851 813 900 quod
839 852 920 888 fore
940 850 1056 888 video
1086 850 1215 899 ipsum
1242 851 1332 888 volo
1358 850 1478 888 vitare
1504 864 1554 889 ne

226 914 314 952 illae
329 915 380 953 ad
397 928 459 952 me
475 914 644 961 veniant,
662 922 700 953 et
716 928 794 952 una
810 922 868 953 est
880 914 1014 952 vitatio
1030 922 1072 952 ut
1088 928 1161 964 ego
1182 916 1334 952 avolem.
1381 916 1551 961 Nollem,

224 981 295 1018 sed
324 993 484 1018 necesse
514 987 582 1018 est.
641 981 701 1018 Te
730 981 806 1018 hoc
830 993 936 1017 nunc
963 992 1057 1029 rogo
1084 987 1127 1017 ut
1153 981 1329 1029 explores
1355 981 1407 1018 ad
1433 993 1553 1029 quam

224 1044 329 1082 diem
351 1044 415 1082 hic
435 1044 488 1082 ita
508 1043 655 1094 possim
677 1057 762 1082 esse
783 1052 826 1082 ut
847 1058 897 1082 ne
926 1044 1134 1094 opprimar.
1194 1046 1313 1094 Ages,
1334 1052 1376 1082 ut
1401 1044 1550 1092 scribis,

223 1116 448 1158 temperate.

168 1186 203 1216 15
277 1172 460 1212 Ciceroni
497 1172 614 1210 velim
653 1174 730 1210 hoc
767 1185 975 1222 proponas,
1016 1172 1070 1210 ita.
1107 1179 1251 1220 tamen,
1293 1171 1324 1210 si
1362 1172 1434 1210 tibi
1471 1185 1597 1213 non2

222 1237 401 1287 iniquum
421 1236 628 1283 videbitur,
650 1245 692 1275 ut
719 1245 898 1287 sumptus
918 1237 1034 1275 huius
1054 1236 1375 1286 peregrinationis
1396 1237 1550 1287 quibus,

222 1302 254 1340 si
285 1304 439 1340 Romae
469 1309 571 1340 esset
601 1303 846 1352 domumque
874 1303 1127 1350 conduceret,
1157 1303 1265 1352 quod
1296 1304 1422 1340 facere
1453 1302 1554 1352 cogi-

221 1367 340 1414 tabat,
373 1367 485 1405 facile
524 1375 734 1405 contentus
763 1368 914 1404 futurus
945 1374 1038 1413 erat,
1067 1368 1344 1405 accommodet
1374 1368 1426 1405 ad
1456 1381 1554 1405 mer-

222 1433 339 1470 cedes
360 1431 523 1482 Argileti
543 1439 581 1470 et
602 1430 800 1478 Aventini,
816 1439 855 1469 et
879 1444 969 1469 cum
991 1431 1025 1469 ei
1046 1431 1309 1481 proposueris,
1331 1431 1414 1482 ipse
1433 1432 1551 1470 velim

165 1512 203 1533 20
222 1497 370 1547 reliqua
420 1498 622 1535 moderere
670 1510 789 1546 quern
834 1498 885 1535 ad
928 1498 1093 1535 modum
1132 1510 1179 1535 ex
1216 1496 1261 1534 iis
1300 1497 1551 1536 mercedibus

222 1562 519 1613 suppeditemus
552 1562 587 1601 ei
621 1563 730 1612 quod
762 1575 861 1612 opus
893 1561 952 1599 sit.
1012 1562 1226 1600 Praestabo
1255 1575 1328 1600 nec
1361 1562 1550 1601 Bibulum

221 1639 294 1665 nec
324 1626 539 1666 Acidinum
564 1640 638 1665 nec
667 1627 908 1673 Messallam,
929 1639 1028 1676 quos
1048 1625 1216 1664 Athenis
1241 1627 1391 1665 futuros
1415 1627 1546 1673 audio,

221 1691 386 1729 maiores
418 1699 598 1742 sumptus
632 1692 802 1729 facturos
841 1704 959 1740 quam
995 1691 1104 1740 quod
1135 1704 1181 1728 ex
1214 1690 1268 1729 eis
1301 1691 1549 1730 mercedibus

220 1756 437 1806 recipietur.
510 1758 651 1806 Itaque
679 1756 796 1795 velim
825 1755 959 1794 videas
991 1755 1158 1805 primum
1194 1757 1455 1794 conductores
1482 1756 1550 1806 qui

163 1834 200 1866 25
221 1820 298 1858 sint
324 1829 362 1859 et
389 1821 538 1871 quanti,
559 1821 704 1860 deinde
731 1828 774 1859 ut
797 1820 875 1859 sint
901 1820 969 1870 qui
995 1821 1046 1859 ad
1072 1820 1179 1859 diem
1207 1822 1360 1859 solvant
1387 1828 1425 1859 et
1452 1821 1549 1871 quid

220 1886 359 1933 viatici,
392 1886 487 1936 quid
516 1885 765 1924 instrumenti
795 1885 886 1924 satis
916 1885 975 1923 sit.
1035 1886 1221 1924 Iumento
1249 1894 1353 1924 certe
1382 1886 1547 1925 Athenis

266 1999 280 2019 1
308 1988 419 2030 Haec]
448 1989 499 2020 lzic
522 1989 632 2030 mcip1t
654 1995 700 2030 ep.
729 2001 770 2029 32
798 1988 893 2030 apud
913 1999 979 2019 non
1003 1989 1113 2019 nullos
1135 1989 1291 2020 editores:
1321 1993 1398 2019 certe
1420 2000 1495 2020 cum
1518 1999 1550 2020 ve

219 2032 378 2062 Publzlme
410 2033 674 2073 coniungendam
701 2037 746 2063 cst
888 2043 907 2063 2
931 2043 1024 2063 suam
1052 2043 1126 2063 curn
1160 2033 1194 2063 P.
1225 2033 1397 2063 videretur
1424 2032 1548 2063 Klotz·
1540 2057 1548 2064 .

220 2085 315 2105 suam
342 2081 378 2106 ut
404 2086 478 2106 cum
507 2077 542 2107 P.
572 2077 731 2115 loquerer
757 2075 928 2106 Sclmndt:
964 2077 1074 2116 (quasi
1106 2086 1181 2106 cum
1209 2076 1244 2106 P.
1276 2076 1485 2125 loqueretur)
1513 2077 1548 2107 in

214 2119 401 2158 parenthesi
411 2118 516 2149 Boot.
539 2130 625 2158 quae
641 2130 715 2149 cum
731 2119 768 2150 P.
781 2119 976 2158 loqueretur
992 2119 1077 2149 Reid
1162 2129 1193 2158 9,
1212 2130 1250 2149 10
1271 2129 1348 2150 esse
1361 2119 1465 2158 ipsius
1478 2130 1506 2150 v.
1521 2131 1544 2151 c.

221 2160 264 2190 L
260 2162 397 2201 margA
416 2157 481 2190 Zb.
475 2174 481 2193 :
505 2163 610 2200 ipsius
628 2173 704 2193 esse
724 2162 776 2193 O:
800 2163 888 2193 illius
906 2172 980 2192 esse
998 2162 1039 2191 M
1126 2172 1161 2192 11
1189 2163 1234 2192 illi
1253 2162 1377 2201 Tyrrell
1463 2163 1545 2204 una]

220 2204 333 2235 ieiuna
343 2185 517 2236 ᾧ’ΞεΙινιιιαῖί
705 2205 836 2236 avolem
874 2206 939 2243 (vel
972 2205 1053 2246 alio)
1095 2206 1171 2236 add.
1200 2205 1365 2246 Madvzgz
1415 2210 1452 2236 ut
1483 2216 1547 2245 ego

220 2247 334 2279 nolim.
376 2248 444 2278 Sed
465 2248 534 2279 Cor)
536 2248 629 2279 acius
734 2250 838 2279 16-18
861 2249 985 2288 quibus
1001 2273 1008 2280 .
1030 2273 1037 2280 .
1056 2272 1063 2279 .
1084 2254 1157 2279 erat
1183 2250 1384 2288 transposuit
1407 2248 1549 2290 Madvig

220 2295 257 2320 ut
278 2295 460 2331 sequantur
472 2292 634 2322 Aventini
659 2291 693 2332 (l.
724 2293 780 2333 19)
1014 2302 1055 2332 25
1079 2293 1148 2323 sint
1164 2316 1172 2325 .
1191 2316 1199 2324 .
1219 2316 1227 2324 .
1246 2292 1380 2324 solvant
1396 2293 1518 2325 Lamb.
1537 2304 1545 2324 z

218 2334 261 2365 sit
277 2357 285 2366 .
305 2357 314 2366 .
335 2358 342 2366 .
358 2335 466 2366 solvat
483 2335 573 2368 codd.
