1827 2798
176 131 296 170 XIII.
314 130 387 170 iib
665 131 721 168 M.
754 128 923 167 TVLLI
954 126 1261 167 CICERONIS

299 242 439 281 abesse
466 247 546 279 tam
576 239 655 278 diu.
707 238 846 276 Multis
873 235 1001 276 verbis
1031 235 1184 288 scripsit
1210 237 1262 276 ad
1291 249 1365 283 me,
1388 235 1507 274 credo
1536 233 1630 273 item

299 307 350 345 ad
383 314 432 344 te.
493 303 595 342 Mihi
627 302 789 353 quidem
819 302 973 341 videtur
1002 301 1119 340 etiam
1149 300 1296 340 diutius
1325 301 1512 339 afuturus.
1571 300 1631 338 Ac

300 372 447 408 nollem
462 383 472 416 ,·
500 368 615 406 valde
635 367 741 405 enim
762 366 967 405 hominem
988 366 1182 406 desidero.

173 439 228 480 (111
249 438 279 478 1)
354 435 391 471 A
426 440 463 471 te
496 432 643 471 litteras
682 431 971 482 exspectabam,
1004 433 1185 470 nondum
1223 429 1396 479 scilicet3
1435 442 1528 468 nam
1561 429 1632 467 has

302 511 418 537 mane
438 496 714 536 rescribebam.
1651 501 1668 533 5

345 605 418 640 ῙῙῙ
592 607 662 639 Ser.
683 608 716 638 in
738 607 924 638 Tusculano
937 607 974 638 iii
985 606 1028 638 K.
1048 606 1125 637 Iun.
1145 617 1176 637 α.
1197 616 1256 647 709
1275 605 1356 647 (45).

710 685 881 716 CICERO
911 683 1093 715 ATTICO
1123 682 1230 715 SAL.

270 773 287 800 1
362 759 448 808 Ego
468 770 560 796 vero
584 756 658 795 ista
677 756 840 795 nomina
861 755 916 794 sic
936 756 1064 806 probo
1085 763 1128 794 ut
1147 755 1244 793 nihil
1264 753 1372 793 aliud
1392 766 1456 792 me
1477 758 1634 792 moveat

304 822 379 861 nisi
409 824 518 873 quod
545 830 588 860 tu
607 821 750 860 videris
780 820 971 860 dubitare.
1032 822 1138 859 Illud
1167 820 1273 859 enim
1302 833 1383 858 non
1412 817 1564 868 accipio
1593 817 1634 855 in

304 889 451 927 bonam
482 894 644 937 partem,
679 889 782 936 quod
810 887 862 925 ad
896 900 960 924 me
987 887 1128 934 refers3
1158 885 1225 936 qui
1256 885 1288 924 si
1316 884 1401 935 ipse
1431 882 1633 933 negotium
1655 896 1694 919 10

304 967 437 992 meum
458 967 643 1004 gererem,
666 952 763 990 nihil
783 965 957 1002 gererem
977 950 1051 989 nisi
1072 950 1238 989 consilio
1264 957 1344 988 tuo.
1404 949 1482 988 Sed
1502 955 1635 986 tamen

303 1018 488 1068 intellego
527 1017 649 1068 magis
683 1025 722 1055 te
752 1017 794 1055 id
827 1018 954 1055 facere
992 1016 1195 1066 diligentia
1225 1028 1304 1065 qua
1334 1027 1488 1064 semper
1516 1012 1635 1051 uteris

305 1097 424 1134 quam
454 1085 563 1133 quod
592 1082 749 1122 dubites
779 1083 829 1121 de
858 1081 1086 1120 nominibus
1116 1081 1210 1119 istis.
1269 1079 1428 1119 Etenim
1456 1078 1635 1118 Caelium

307 1162 389 1187 non
419 1149 573 1198 probas,
605 1149 717 1198 plura
746 1161 826 1185 non
847 1147 915 1185 vis.
973 1148 1196 1196 Vtrumque
1225 1147 1355 1184 laudo.
1415 1144 1492 1182 His
1522 1143 1637 1194 igitur

305 1215 498 1253 utendum
520 1217 724 1262 †espraes†
744 1212 959 1262 aliquando
979 1212 1104 1249 factus
1125 1218 1227 1250 esset
1247 1210 1287 1248 in
1314 1209 1374 1248 his
1395 1209 1557 1259 quidem
1585 1215 1636 1246 ta·
1658 1221 1694 1253 15

305 1279 418 1317 bulis.
477 1280 514 1316 A
541 1291 604 1316 me
630 1277 745 1327 igitur
768 1276 912 1315 omnia.
973 1277 1095 1325 Quod
1122 1275 1205 1314 dies
1234 1274 1387 1325 longior
1412 1282 1469 1312 est
1491 1273 1637 1323 (tenea-

306 1357 394 1381 mus
415 1343 536 1381 modo
557 1343 666 1391 quod
681 1341 892 1391 volumus),
908 1348 1005 1390 puto
1025 1341 1107 1378 fore
1127 1339 1241 1378 istam
1262 1338 1380 1378 etiam
1400 1352 1423 1377 a
1443 1350 1637 1388 praecone

307 1407 425 1454 diem,
443 1414 548 1445 certe
568 1407 619 1445 ab
639 1405 863 1444 heredibus.

363 1474 424 1511 De
457 1471 598 1521 Crispo
632 1478 670 1509 et
703 1471 877 1508 Mustela
906 1469 1069 1517 videbis,
1104 1476 1142 1508 et
1175 1468 1293 1507 velim
1324 1467 1423 1507 scire
1454 1481 1555 1518 quae
1589 1466 1638 1506 sit

265 1551 290 1577 2
308 1550 395 1587 pars
424 1538 605 1576 duorum.
666 1538 728 1574 De
750 1534 860 1573 Bruti
880 1536 1053 1573 adventu
1078 1547 1184 1573 eram
1210 1535 1335 1572 factus
1362 1532 1512 1572 certior.
1571 1533 1638 1570 At·
1658 1546 1699 1568 20

308 1604 447 1641 tulerat
478 1601 585 1640 enim
616 1602 666 1639 ab
698 1614 746 1640 eo
778 1603 958 1651 Aegypta
986 1600 1148 1639 libertus
1179 1599 1335 1638 litteras.
1396 1597 1491 1638 Misi
1519 1598 1570 1636 ad
1600 1604 1638 1636 te

308 1667 527 1718 epistulam,
551 1666 644 1717 quia
663 1667 875 1704 commode
896 1665 1040 1715 scripta
1059 1672 1150 1704 erat.

351 1773 417 1809 IV
614 1775 683 1806 Ser.
701 1776 734 1805 in
756 1774 941 1805 Tusculano
957 1775 999 1805 K.
1018 1775 1097 1806 Iun.
1114 1786 1144 1807 a.
1165 1785 1224 1815 709
1243 1775 1325 1816 (45).

708 1851 880 1882 CICERO
914 1851 1096 1883 ATTICO
1126 1851 1231 1884 SAL.

273 1937 291 1964 1
365 1926 512 1965 Habeo
545 1938 689 1963 munus
723 1937 746 1961 a
779 1931 817 1962 te
852 1924 1096 1962 elaboratum
1131 1925 1271 1962 decem
1309 1924 1552 1974 legatorum:
1600 1927 1639 1960 et
1659 1936 1698 1968 25

308 1991 552 2045 quidemrde,⁷
596 1991 789 2027 Tuditano
826 1990 922 2026 idem
960 1995 1068 2038 puto.
1128 1990 1233 2027 Nam
1267 1988 1369 2026 filius
1407 2001 1513 2026 anno
1551 1994 1641 2038 post

354 2099 367 2119 1
393 2100 430 2120 se
443 2092 518 2129 post
532 2088 651 2119 abesse
671 2087 747 2119 add.
767 2087 900 2118 Ernesti
1076 2097 1115 2118 10
1138 2088 1228 2127 quod
1244 2086 1320 2119 add.
1339 2086 1426 2118 Crat.
1532 2085 1590 2125 qui
1612 2085 1641 2117 si

310 2134 381 2173 ipse
403 2133 433 2162 Z
450 2144 476 2163 v.
495 2143 518 2163 c.
539 2131 567 2161 L
589 2132 729 2171 (mmgrff
750 2131 835 2161 RP:
868 2130 980 2169 Quid?
1013 2131 1085 2170 ipse
1111 2136 1138 2161 Δ
1279 2141 1313 2161 11
1342 2130 1424 2161 nihil
1443 2140 1595 2169 gererem
1613 2128 1644 2160 Z

309 2188 339 2208 v.
358 2188 380 2207 c.
401 2177 428 2206 L
447 2177 588 2217 (marg.)
606 2176 741 2206 ORPI:
767 2186 834 2206 om.
852 2180 880 2204 Δ
1011 2184 1048 2212 13
1073 2174 1180 2214 quod]
1197 2185 1263 2214 quo
1280 2187 1308 2206 v.
1323 2186 1345 2205 c.
1361 2174 1476 2204 Baiter
1602 2182 1641 2212 15

310 2230 449 2259 espracs
467 2219 525 2249 M:
552 2225 612 2250 est.
632 2220 733 2249 Praes
753 2218 780 2249 C
857 2218 993 2257 quidem
1007 2222 1081 2257 post
1098 2229 1197 2258 praes
1214 2218 1291 2250 add.
1306 2217 1334 2248 C
1347 2222 1385 2248 ut
1399 2217 1460 2248 vid.
1532 2215 1640 2256 esset]

309 2274 346 2293 es
366 2268 399 2293 et
423 2258 511 2294 CZI:
545 2273 639 2293 esses
662 2268 696 2292 et
717 2262 848 2292 Hosius.
908 2261 1036 2291 Locum
1061 2262 1107 2292 ita
1135 2262 1264 2302 refingit
1280 2261 1431 2292 Schmidt
1485 2260 1540 2290 An
1567 2259 1642 2298 quis

311 2317 409 2346 praes
425 2307 606 2345 aliquando
631 2307 737 2336 sactus
756 2309 847 2335 esset
861 2304 895 2334 in
915 2304 966 2334 his
984 2306 1120 2343 quidem
1139 2306 1281 2336 tabulis?
1449 2305 1489 2334 16
1511 2303 1640 2342 omnia]

309 2355 423 2381 cetera
437 2349 587 2380 Schmidt
686 2359 728 2378 20
752 2348 911 2381 duorum]
931 2358 1047 2378 eorum
1065 2348 1214 2379 Ernesti:
1241 2349 1383 2379 duorum
1401 2347 1522 2377 horum
1542 2345 1646 2375 Orelli

309 2403 362 2432 25,
376 2395 418 2423 26
443 2398 477 2422 ct
492 2392 628 2431 quidem
652 2392 694 2422 de
706 2391 874 2422 Tuditano
892 2391 980 2422 idem
998 2391 1175 2422 Lehmann
1190 2403 1196 2422 :
1226 2392 1384 2431 equidem
1408 2390 1498 2421 idem
1514 2388 1642 2420 Moser:

309 2441 410 2476 atque
426 2436 515 2466 idem
535 2434 636 2466 Orelli
