1827 2798
158 119 269 156 XIV.

251 240 275 277 3

292 118 353 156 xii
657 120 712 156 M.
745 119 913 155 TVLLI
945 117 1252 156 CICERONIS

351 232 480 278 Quam
510 230 662 268 dudum
690 228 787 266 nihil
815 228 945 267 habeo
969 229 1078 278 quod
1108 229 1158 267 ad
1187 237 1226 267 te
1255 228 1447 267 scribam!
1491 227 1629 267 Scribo

294 303 425 333 tamen
447 307 528 331 non
550 301 591 331 ut
612 294 806 332 delectem
834 293 894 331 his
919 293 1054 332 litteris
1080 296 1150 332 sed
1171 301 1213 332 ut
1234 293 1386 332 eliciam
1409 300 1505 331 tuas.
1565 295 1628 331 Tu

293 359 324 397 si
355 358 450 407 quid
482 358 552 396 erit
584 359 634 396 de
668 358 817 403 ceteris,
848 360 897 397 de
931 361 1053 396 Bruto
1085 358 1222 408 utique
1252 358 1455 408 quicquid.
1514 360 1628 397 Haec

294 423 507 472 conscripsi
538 434 566 460 X
599 425 689 461 Kal.
719 424 918 461 accubans
948 424 1054 473 apud
1075 423 1314 471 Vestorium,
1341 423 1543 461 hominem
1574 437 1629 462 re-

293 495 445 525 motum
466 501 489 526 a
509 487 738 535 dialecticis,
759 487 799 525 in
820 488 1075 527 arithmeticis
1097 488 1188 526 satis
1211 487 1477 527 exercitatum.

334 635 451 670 XIII
610 638 680 671 Scr.
701 639 735 669 in
755 639 908 670 Cumano
926 640 961 670 vi
971 640 1016 671 K.
1039 640 1120 670 Mai.
1142 651 1172 671 (r.
1199 650 1255 679 710
1273 639 1364 680 (44).

701 728 872 760 CICERO
902 728 1084 759 ATTICO
1116 728 1221 759 SAL.
1278 722 1286 727 ⁵

346 816 523 867 Septimo
557 815 730 867 denique
764 817 829 855 die
862 816 1012 855 litterae
1051 816 1147 854 mihi
1187 816 1363 855 redditae
1403 822 1493 854 sunt
1523 829 1624 866 quae

290 890 399 922 erant
425 895 448 921 a
473 890 510 920 te
537 893 615 919 X111
647 883 738 920 Kal.
759 883 874 920 datae
889 896 898 929 5
928 881 1071 932 quibus
1094 881 1247 931 quaeris
1271 888 1392 932 atque
1415 881 1532 919 etiam
1561 895 1624 920 me

289 947 417 998 ipsum
446 947 595 985 nescire
622 946 817 985 arbitraris
845 956 974 984 utrum
1003 947 1126 997 magis
1151 946 1312 984 tumulis
1332 954 1623 997 prospectuque

287 1026 336 1051 an
362 1012 631 1053 ambulatione
659 1015 817 1051 ἁλιτει«ἐῖ
841 1014 1021 1051 delecter.
1084 1014 1154 1050 Est
1180 1025 1242 1050 me
1262 1013 1431 1055 hercule,
1448 1019 1490 1049 ut
1511 1011 1620 1057 dicis,

289 1078 490 1129 utriusque
529 1078 605 1117 loci
642 1086 750 1118 tanta
788 1079 1006 1117 amoenitas
1045 1086 1086 1116 ut
1121 1078 1300 1117 dubitem
1340 1085 1426 1116 utra
1463 1085 1623 1128 antepo-

289 1146 420 1183 nenda
450 1144 509 1183 sit.

435 1210 545 1248 Ἀλλ’
573 1212 616 1248 οὗ
645 1210 766 1251 δαιτὸς
795 1212 978 1260 ἐπηράτου
1008 1211 1096 1263 ἔργα
1124 1212 1302 1261 μέμηλεν,

434 1278 536 1313 ἀλλὰ
564 1277 650 1325 λίην
677 1277 774 1328 μέγα
801 1279 917 1326 πῆμα,
949 1276 1148 1326 διοτρεφές,
1178 1277 1413 1326 εἰσορόωντες

434 1341 600 1391 δείδιμεν·
632 1345 671 1380 ἐν
699 1343 781 1393 δοιῇ
809 1343 846 1380 δὲ
876 1344 1071 1393 σαωσέμεν
1098 1342 1122 1392 ἢ
1152 1343 1374 1381 ἀπολέσθαι.

289 1406 479 1455 Quamvis
519 1406 623 1445 enim
660 1415 701 1445 tu
741 1421 883 1457 magna
921 1415 958 1446 et
997 1407 1093 1445 mihi
1125 1407 1298 1446 iucunda
1338 1406 1536 1458 scripseris
1570 1407 1621 1445 de

290 1472 337 1508 D.
364 1471 471 1509 Bruti
499 1473 671 1510 adventu
698 1473 749 1510 ad
776 1486 865 1510 suas
892 1472 1066 1522 legiones
1090 1472 1130 1510 in
1158 1486 1238 1523 quo
1268 1487 1378 1523 spem
1408 1472 1619 1510 maximam

287 1535 414 1584 video,
439 1544 571 1575 tamen
599 1537 629 1575 si
658 1546 715 1576 est
740 1538 887 1576 bellum
916 1537 1030 1576 civile
1061 1540 1234 1576 futurum
1258 1538 1383 1589 (quod
1415 1545 1519 1576 certe
1549 1537 1619 1575 erit

286 1601 316 1639 si
352 1603 490 1640 Sextus
526 1602 565 1640 in
598 1603 715 1641 armis
750 1604 1006 1653 permanebit,
1042 1617 1160 1653 quem
1201 1617 1499 1654 permansurum
1534 1616 1619 1641 esse

286 1674 392 1705 certo
420 1667 531 1716 scio),
554 1667 650 1717 quid
678 1667 793 1705 nobis
820 1668 1044 1706 faciendum
1075 1668 1122 1706 sit
1143 1668 1293 1718 ignoro.
1350 1670 1493 1718 Neque
1513 1667 1618 1706 enim

286 1731 363 1769 iam
402 1732 535 1770 licebit
567 1733 675 1781 quod
709 1733 887 1771 Caesaris
927 1734 1033 1771 bello
1067 1733 1175 1771 licuit
1205 1747 1335 1783 neque
1373 1735 1450 1771 huc
1489 1746 1619 1782 neque

285 1796 389 1834 illuc.
450 1798 755 1847 Quemcumque
786 1798 891 1836 enim
920 1800 1017 1837 haec
1045 1812 1133 1848 pars
1162 1798 1404 1848 perditorum
1430 1800 1616 1836 laetatum

287 1862 465 1901 Caesaris
490 1870 615 1900 morte
635 1863 789 1912 putabit
810 1862 1015 1913 (laetitiam
1036 1871 1168 1901 autem
1193 1863 1436 1912 apertissime
1456 1863 1617 1901 tulimus

1648 503 1664 534 5

1646 961 1685 984 ῐΟ

1644 1289 1680 1322 ¹5

1641 1618 1679 1639 20

286 1927 453 1979 omnes),
487 1929 593 1966 hunc
626 1928 665 1966 in
699 1929 871 1966 hostium
907 1942 1072 1966 numero
1104 1928 1291 1973 habebit3
1338 1941 1439 1978 quae
1473 1941 1532 1966 res
1566 1929 1617 1966 ad
1642 1945 1675 1975 25

286 1994 449 2031 caedem
475 1993 685 2031 maximam
713 2002 873 2044 spectat.
935 1996 1072 2032 Restat
1093 2001 1134 2031 ut
1155 1993 1194 2031 in
1215 2001 1341 2031 castra
1361 1992 1465 2031 Sexti
1485 2000 1563 2040 aut,
1586 1993 1617 2030 si

286 2059 394 2105 forte,
420 2058 528 2096 Bruti
559 2072 631 2097 nos
663 2061 920 2098 conferamus.
983 2061 1063 2097 Res
1090 2058 1228 2097 odiosa
1258 2066 1295 2097 et
1324 2059 1451 2096 aliena
1475 2057 1617 2095 nostris

285 2123 478 2161 aetatibus
500 2132 538 2162 et
554 2123 704 2162 incerto
725 2124 829 2163 exitu
852 2122 992 2176 [belli],
1007 2132 1045 2162 et
1066 2124 1200 2162 nescio
1221 2136 1300 2173 quo
1320 2131 1437 2174 pacto
1453 2123 1522 2161 tibi
1545 2137 1617 2173 ego

287 2202 460 2238 possum,
483 2189 579 2227 mihi
601 2198 642 2228 tu
663 2189 805 2235 dicere,

335 2303 346 2321 r
375 2292 575 2332 Quanquam
597 2293 782 2324 Gronovius
870 2303 889 2322 2
913 2298 945 2322 te
963 2296 1039 2322 aule
1054 2292 1217 2324 delectem
1236 2292 1313 2323 add.
1333 2292 1451 2323 Lamb.
1545 2292 1614 2332 his]

288 2336 372 2366 meis
387 2336 480 2366 Man.
572 2347 610 2366 21
638 2342 732 2367 ccx-to
750 2335 781 2365 E
797 2336 914 2367 Laml).
933 2348 939 2366 ε
964 2342 1055 2367 certe
1070 2336 1111 2366 M
1197 2338 1239 2367 28
1264 2336 1312 2373 etl
1331 2341 1384 2367 est
1399 2336 1498 2366 Klots
1566 2336 1613 2364 in-

287 2384 399 2409 certus
417 2380 527 2409 exitus
545 2381 624 2410 com‘.
647 2380 771 2409 Mz'iller
885 2380 961 2410 belli
978 2381 1046 2411 secl.
1069 2380 1155 2411 Reid
1274 2380 1323 2420 et]
1342 2385 1378 2411 ut
1395 2381 1475 2410 coni.
1497 2377 1621 2409 Mt‘c‘ller

287 2423 378 2463 (cum
394 2423 537 2463 possim)
671 2434 712 2463 29
737 2433 872 2462 possum
893 2423 1051 2454 Graevius
1067 2435 1074 2454 :
1099 2425 1223 2463 possim
1241 2424 1329 2454 codd.
