1827 2798
161 142 271 179 XIV.
295 142 422 180 xviia
684 141 740 177 M,
772 139 942 176 TVLLI
974 138 1281 177 CICERONIS

312 252 473 302 quidem
504 251 574 289 tibi
604 250 681 288 iam
712 249 829 287 tantis
859 249 975 288 rebus
1007 249 1125 299 gestis
1153 263 1234 288 non
1264 249 1320 288 tui
1351 249 1517 288 similem
1547 263 1642 288 esse.

313 317 434 365 Quod
459 328 550 352 cum
578 314 631 352 ita
657 314 714 360 sit,
739 313 909 351 hortatio
939 327 1020 351 non
1051 322 1108 352 est
1138 314 1364 361 necessaria,
1388 314 1645 364 gratulatione

312 380 434 430 magis
455 380 647 417 utendum
669 386 737 417 est.
798 378 974 428 Contigit
1002 378 1107 417 enim
1134 378 1215 425 tibi,
1238 380 1345 428 quod
1366 380 1473 417 haud
1494 378 1575 416 scio
1595 392 1645 416 an

313 444 474 492 nemini,
495 452 537 482 ut
557 457 711 482 summa
732 444 914 482 severitas
941 443 1291 482 animadversionis
1319 457 1399 482 non
1420 445 1542 482 modo
1562 457 1643 481 non

312 508 505 547 invidiosa
532 509 601 547 sed
626 508 743 546 etiam
773 508 971 558 popularis
1002 515 1103 546 esset
1132 516 1170 546 et
1199 522 1289 546 cum
1316 508 1431 546 bonis
1458 508 1642 546 omnibus
1662 521 1679 552 5

312 582 394 612 tum
417 574 554 611 infimo
575 573 718 623 cuique
737 573 965 623 gratissima.
1028 575 1120 611 Hoc
1147 573 1178 611 si
1206 573 1276 611 tibi
1296 575 1451 612 fortuna
1472 574 1642 622 quadam

311 638 549 688 contigisset,
581 640 791 688 gratularer
824 638 998 677 felicitati
1034 646 1133 685 tuae,
1166 639 1235 676 sed
1265 637 1427 687 contigit
1458 636 1646 687 magnitu-

312 703 405 742 dine
437 717 558 753 quom
590 703 711 741 animi
745 712 829 742 tum
868 704 986 742 etiam
1022 703 1153 753 ingeni
1191 711 1308 753 atque
1343 702 1491 741 consili.
1551 701 1646 751 Legi

312 768 418 806 enim
453 768 681 806 contionem
716 776 834 806 tuam.
896 768 1006 806 Nihil
1045 768 1110 806 illa
1148 767 1371 818 sapientius.
1432 769 1493 805 Ita
1531 768 1647 817 pede-

312 833 492 883 temptim
523 840 561 871 et
594 832 785 883 gradatim
817 840 901 871 tum
935 846 1116 871 accessus
1146 847 1168 871 a
1197 841 1234 870 te
1265 833 1316 870 ad
1349 845 1507 870 causam
1542 830 1643 877 facti,
1670 848 1706 869 10

312 906 396 937 tum
426 912 612 945 recessuS‚
642 905 684 936 ut
714 911 772 936 res
803 898 887 948 ipsa
916 898 1179 936 maturitatem
1210 897 1280 936 tibi
1308 896 1645 935 animadvertendi

269 968 292 1005 8
313 964 491 1002 omnium
513 977 704 1001 concessu
725 964 845 1002 daret.
905 963 1097 1002 Liberasti
1118 963 1232 1013 igitur
1258 970 1295 1001 et
1316 963 1452 1001 urbem
1474 961 1646 1012 periculo

312 1037 349 1067 et
377 1029 574 1067 civitatem
603 1036 709 1066 metu
740 1042 869 1078 neque
894 1030 1021 1066 solum
1048 1030 1099 1066 ad
1130 1036 1285 1078 tempus
1314 1027 1522 1066 maximam
1550 1026 1647 1064 utili-

312 1102 431 1132 tatem
457 1093 619 1132 attulisti
646 1094 716 1131 sed
746 1093 862 1131 etiam
891 1095 941 1132 ad
969 1096 1202 1144 exemplum.
1265 1095 1357 1142 Quo
1377 1095 1481 1130 facto
1501 1092 1647 1130 intelle-

311 1174 401 1210 gere
431 1160 553 1198 debes
584 1159 623 1197 in
654 1167 691 1197 te
721 1159 889 1209 positam
920 1173 1005 1198 esse
1037 1173 1117 1197 rem
1153 1159 1353 1209 publicam
1384 1158 1533 1208 tibique
1565 1171 1645 1195 non
1671 1173 1704 1204 ¹5

312 1227 434 1264 modo
473 1226 642 1262 tuendos
681 1225 750 1262 sed
783 1224 899 1262 etiam
940 1226 1138 1262 ornandos
1178 1224 1264 1262 illos
1302 1224 1403 1262 viros
1441 1237 1464 1262 a
1502 1223 1645 1273 quibus

312 1290 467 1328 initium
497 1290 685 1329 libertatis
716 1292 935 1340 profectum
966 1298 1034 1328 est.
1095 1291 1172 1329 Sed
1203 1290 1262 1327 his
1292 1291 1341 1328 de
1371 1289 1486 1327 rebus
1514 1302 1645 1326 coram

311 1357 422 1406 plura
452 1369 574 1405 prope
604 1355 721 1402 diem,
752 1363 794 1393 ut
829 1369 953 1405 spero.
1014 1357 1077 1393 Tu
1108 1355 1295 1404 quoniam
1330 1368 1411 1392 rem
1446 1354 1644 1404 publicam

310 1433 463 1469 nosque
493 1434 711 1468 conservas,
735 1422 795 1458 fac
823 1428 865 1458 ut
890 1420 1188 1470 diligentissime
1218 1428 1255 1459 te
1285 1419 1424 1469 ipsum,
1455 1418 1508 1456 mi
1531 1420 1647 1456 Dola-

311 1485 424 1530 bella,
447 1485 658 1523 custodias.
1668 1498 1706 1519 20

354 1630 516 1666 XVIII
577 1633 646 1666 Ser.
665 1635 698 1665 in
717 1634 920 1675 Pompeiano
937 1636 983 1666 vii
996 1635 1047 1666 Idi
1068 1636 1149 1667 Mai.
1171 1647 1201 1668 a.
1222 1647 1279 1675 710
1298 1635 1384 1677 (44).

719 1723 894 1754 CICERO
927 1724 1100 1755 ATTICO
1133 1724 1237 1756 SAL.

274 1823 292 1850 1
365 1811 528 1861 Saepius
567 1825 631 1850 me
670 1811 747 1850 iam
786 1813 908 1862 agitas
948 1815 1056 1863 quod
1098 1828 1179 1852 rem
1224 1822 1373 1864 gestam
1414 1813 1645 1851 Dolabellae

311 1875 427 1913 nimis
462 1876 501 1913 in
536 1878 688 1914 caelum
724 1877 856 1916 videar
890 1880 1035 1917 efferre.
1105 1882 1190 1929 Ego
1223 1888 1366 1925 autem,
1403 1892 1644 1928 quamquam

311 1954 405 1979 sane
426 1942 552 1990 probo
568 1943 725 1989 factum,
743 1950 875 1981 tamen
897 1952 938 1981 ut
960 1952 1069 1982 tanto
1090 1958 1208 1994 opere
1228 1946 1428 1983 laudarem
1448 1945 1645 1982 adductus
1669 1959 1680 1979 2
1688 1956 1704 1988 5

311 2019 397 2043 sum
433 2005 508 2043 tuis
547 2014 585 2044 et
624 2007 711 2045 unis
750 2015 788 2046 et
825 2009 955 2047 alteris
990 2010 1136 2048 litteris.
1207 2011 1284 2048 Sed
1316 2017 1440 2048 totum
1477 2022 1518 2046 se
1551 2022 1574 2046 a
1608 2016 1645 2046 te

310 2071 545 2109 abalienavit
587 2072 794 2111 Dolabella
833 2088 879 2112 ea
917 2076 968 2113 de
1007 2089 1124 2113 causa
1163 2089 1240 2125 qua
1278 2089 1342 2112 me
1373 2088 1532 2124 quoque
1571 2073 1645 2111 sibi

311 2135 626 2175 inimicissimum
657 2137 837 2176 reddidit.
899 2140 934 2178 O
966 2141 1169 2179 hominem
1199 2140 1494 2189 impudentem!
1554 2141 1641 2176 Kal.

313 2202 394 2239 Ian.
419 2202 570 2250 debuit,
599 2204 730 2241 adhuc
761 2218 841 2242 non
872 2206 995 2252 solvit,
1026 2206 1252 2256 praesertim
1282 2219 1372 2244 cum
1402 2219 1444 2243 se
1473 2204 1645 2242 maximo

355 2306 375 2335 8
409 2306 526 2346 quom]
547 2307 810 2347 cumf(j)raelcr
830 2309 881 2338 Η]
910 2312 972 2350 qui
988 2312 1126 2353 onsn’ttit>
1144 2310 1300 2342 EORM‘2
1317 2322 1323 2341 :
1347 2321 1446 2350 quam
1465 2309 1517 2339 M¹
1534 2321 1540 2340 :
1563 2320 1645 2348 qua-

311 2349 386 2378 dam
413 2348 506 2380 M³‘s:
535 2351 677 2388 quadam
696 2361 769 2380 cum
787 2352 859 2383 Ber.
878 2353 1054 2385 Lehmann
1224 2366 1263 2386 10
1287 2359 1320 2385 et
1337 2354 1500 2393 gradatim
1510 2353 1549 2392 f:
1574 2363 1639 2382 0111.

310 2391 399 2421 codd.
550 2395 593 2422 26
618 2397 651 2423 te
669 2404 687 2423 a
704 2405 741 2424 se
757 2395 889 2427 Erm‘sli
1033 2409 1072 2437 27
1098 2400 1216 2430 eadem
1234 2409 1333 2429 causa
1350 2397 1464 2427 Baiter
1603 2397 1644 2425 28

311 2435 538 2475 impudentem
558 2439 582 2467 Σ
598 2447 625 2466 v.
643 2447 665 2467 c.
686 2437 714 2467 L
739 2439 878 2480 (παυς.)
898 2452 904 2471 :
929 2442 1114 2480 pudentem
1139 2448 1166 2473 Δ
