1827 2798
114 861 152 882 10

110 1835 148 1866 25

578 154 689 191 EPP.
723 154 799 190 AD
830 150 1090 191 ATTICVM
1384 151 1494 189 XIV.
1514 161 1542 188 x

172 274 254 302 tum
283 263 439 314 potuit?
473 263 548 301 iam
577 263 728 314 pridem
757 263 1003 313 perieramus.
1067 259 1336 300 Meministine
1360 269 1397 300 te
1424 264 1498 300 cla-

172 343 277 367 mare
304 342 461 367 causam
491 328 636 378 perisse
657 327 688 366 si
715 330 849 366 funere
876 330 999 366 elatus
1027 329 1158 366 essct?
1209 329 1262 365 At
1290 327 1353 365 ille
1380 327 1497 365 etiam

171 394 209 430 in
250 394 334 431 foro
373 393 603 431 combustus
641 394 902 441 laudatusque
942 391 1211 430 miserabiliter
1249 392 1427 441 servique
1461 400 1498 430 et

171 466 330 508 egentes
352 458 391 495 in
410 466 512 496 tecta
533 466 664 495 nostra
686 471 775 495 cum
797 457 947 495 facibus
969 456 1143 494 immissi.
1196 458 1309 504 Quae
1325 456 1500 495 deinde?

172 532 213 562 ut
242 525 414 562 audeant
436 523 576 569 dicere,
603 524 742 560 ‘Tune
772 529 908 560 contra
936 520 1114 560 Caesaris
1145 523 1335 559 nutumP'
1386 523 1499 560 Haec

171 598 207 627 et
242 588 333 627 talia
367 590 463 627 ferre
494 601 575 626 non
609 601 782 637 possum.
844 588 984 636 Itaque
1010 589 1102 638 ζγῆν
1130 587 1201 636 πρὸ
1230 589 1298 638 γῆς
1324 586 1499 636 'cogit03

170 664 235 692 tua
263 662 395 692 tamen
421 654 630 703 ὑπηνέμιος.

225 720 383 756 Nausea
410 718 540 757 iamne
569 720 685 768 plane
711 717 836 756 abiit?
885 716 985 755 Mihi
1008 716 1168 766 quidem
1195 730 1241 754 ex
1262 715 1337 754 tuis
1365 716 1498 754 litteris
1520 728 1543 754 2

171 783 408 821 coniectanti
450 783 501 821 ita
541 783 756 822 videbatur.
817 783 957 821 Redeo
995 783 1044 820 ad
1077 782 1286 828 Tebassos,
1319 782 1496 828 Scaevas,

172 849 389 898 Fangones.
453 850 541 886 Hos
578 856 619 886 tu
651 848 847 886 existimas
886 849 1085 885 confidere
1124 860 1164 884 se
1199 846 1263 883 illa
1297 846 1499 883 habituros

170 913 364 951 stantibus
404 913 548 951 nobis?
589 912 628 950 in
660 912 804 962 quibus
842 914 929 962 plus
968 911 1117 949 virtutis
1157 918 1341 960 putarunt
1379 924 1496 959 quam

170 978 316 1027 experti
347 986 447 1016 sunt.
510 977 622 1015 Pacis
652 976 714 1014 isti
744 976 891 1014 scilicet
919 984 1113 1013 amatores
1143 983 1180 1013 et
1210 989 1290 1013 non
1321 974 1497 1012 latrocini

170 1051 359 1081 auctores.
412 1045 465 1080 At
485 1055 569 1092 ego,
588 1055 678 1079 cum
700 1040 770 1078 tibi
791 1042 841 1078 de
863 1040 1028 1079 Curtilio
1050 1039 1184 1089 scripsi
1206 1039 1498 1088 Sextilianoque

171 1108 305 1153 fundo,
339 1107 474 1157 scripsi
509 1108 557 1144 de
592 1105 821 1151 Censorino,
855 1106 904 1143 de
942 1106 1136 1150 Messalla,
1173 1105 1223 1142 de
1255 1105 1413 1150 Planco,
1447 1106 1497 1141 de

133 1186 148 1215 5
172 1173 371 1218 Postumo,
389 1173 438 1210 de
459 1184 601 1221 genere
621 1178 715 1208 toto.
771 1169 915 1207 Melius
936 1169 1006 1206 fuit
1028 1169 1173 1219 perisse
1193 1168 1259 1206 illo
1280 1168 1495 1215 interfecto,

170 1238 278 1287 quod
299 1250 515 1286 numquam
538 1235 755 1281 accidisset,
780 1248 896 1284 quam
919 1235 1016 1272 haec
1037 1233 1182 1272 videre.

223 1301 410 1340 Octavius
451 1300 661 1350 Neapolim
696 1301 802 1338 venit
841 1312 934 1336 X1111
974 1300 1063 1337 Kal.
1128 1298 1190 1336 Ibi
1224 1311 1314 1336 eum
1351 1298 1497 1336 Balbus
1517 1307 1541 1344 3

170 1380 284 1405 mane
319 1365 507 1416 postridie
542 1367 764 1415 eodemque
798 1364 862 1403 die
897 1377 1053 1402 mecum
1088 1363 1128 1401 in
1161 1364 1357 1411 Cumano,
1388 1363 1494 1400 illum

170 1431 426 1470 hereditatem
447 1431 658 1469 aditurum.
720 1431 809 1476 Sed,
829 1437 869 1467 ut
891 1428 1037 1476 scribis,
1062 1429 1294 1478 -ηὸιξόθεΙιιινἾι
1315 1441 1496 1477 magnam

170 1510 259 1534 cum
282 1495 469 1533 Antonio.
531 1494 736 1533 Buthrotia
757 1494 852 1532 mihi
874 1501 940 1532 tua
960 1507 1018 1531 res
1041 1501 1111 1541 est,
1132 1501 1174 1531 ut
1195 1493 1324 1540 debet,
1348 1492 1498 1542 eritque

169 1575 294 1599 curae.
355 1562 475 1609 Quod
509 1560 671 1611 quaeris,
709 1560 839 1597 iamne
873 1560 923 1597 ad
957 1567 1125 1597 centena
1155 1558 1403 1605 Cluvianum,
1432 1559 1498 1596 ad-

167 1635 325 1665 ventare
346 1626 508 1664 videtur.
569 1625 725 1665 Scilicet
745 1625 872 1675 primo
893 1638 998 1662 anno
1021 1636 1135 1661 LXXX
1156 1623 1400 1661 detersimus.

222 1691 394 1741 Quintus
423 1699 532 1741 pater
558 1692 609 1729 ad
637 1704 699 1728 me
726 1689 855 1740 gravia
875 1691 925 1728 de
950 1689 1041 1736 filio,
1065 1688 1234 1726 maxime
1254 1689 1363 1738 quod
1384 1687 1496 1725 matri
1516 1700 1543 1737 4

168 1770 272 1794 nunc
312 1756 512 1806 indulgeat
551 1755 613 1794 cui
651 1763 767 1793 antea
805 1755 907 1793 bene
946 1753 1110 1792 merenti
1149 1752 1263 1791 fuerit
1301 1752 1493 1790 inimicus.

168 1821 353 1860 Ardentis
375 1821 414 1859 in
436 1835 525 1859 eum
547 1820 691 1859 litteras
712 1821 763 1858 ad
784 1834 847 1858 me
872 1819 986 1857 misit.
1048 1820 1120 1857 Ille
1139 1826 1272 1856 autem
1294 1817 1390 1867 quid
1410 1826 1497 1867 agat

168 1886 198 1924 si
219 1886 292 1925 scis
314 1888 541 1936 nequedum
559 1888 690 1933 Roma
709 1899 749 1924 es
770 1887 978 1935 profectuS,
1001 1884 1147 1922 scribas
1168 1884 1218 1922 ad
1240 1896 1303 1920 me
1322 1882 1438 1920 velim
1460 1890 1496 1921 et

168 1952 324 1989 hercule
345 1951 376 1989 si
397 1951 492 2001 quid
512 1951 629 1990 aliud.
689 1952 956 1989 Vehementer
976 1951 1151 1988 delector
1170 1947 1245 1987 tuis
1267 1947 1411 1986 litteris.

210 2056 231 2084 6
255 2054 333 2084 talia
358 2051 498 2085 EORZ‘
518 2066 525 2085 ε
564 2054 628 2084 alia
653 2059 681 2084 Δ
794 2064 810 2092 7
837 2053 989 2091 ὑπήνεμος
1013 2053 1092 2083 coni.
1118 2051 1244 2090 Tvrrcll
1374 2061 1395 2089 9
1419 2061 1495 2081 con-

168 2098 307 2127 iectanti
329 2094 403 2127 C'et
425 2097 490 2128 cod.
512 2097 820 2128 me‘slzeinmzsis:
855 2096 1060 2127 conlectanti
1081 2095 1197 2125 ORP:
1225 2103 1298 2124 cum
1321 2094 1440 2124 letanti
1459 2093 1500 2123 M

171 2151 208 2171 10
234 2141 411 2179 Fangones
435 2141 511 2170 Ilzm
536 2141 601 2170 coll.
624 2141 689 2170 Dio
715 2140 805 2171 Cass.
827 2140 930 2171 xlviii.
950 2150 1000 2170 22.
1026 2149 1056 2178 3,
1081 2139 1227 2178 Appiam,
1255 2137 1294 2168 Β.
1325 2137 1359 2167 C.
1384 2148 1414 2167 v.
1442 2138 1495 2174 26,

169 2184 203 2215 C.
224 2184 250 2215 I.
271 2183 310 2214 L.
332 2195 362 2214 x,
384 2185 487 2222 3758:
515 2184 611 2221 srang
631 2195 647 2214 c
668 2194 751 2213 ones
768 2183 857 2214 codd.
1040 2192 1079 2220 13
1103 2186 1258 2212 auctores
1287 2179 1494 2228 llfcscybetg:

167 2233 322 2258 auctores
337 2230 346 2258 ἓ
365 2228 451 2267 vulg.
576 2227 832 2266 Sextilianoque
850 2226 942 2256 Man.
965 2236 971 2255 τ
997 2226 1266 2263 sestulitanoque
1284 2223 1324 2253 M
1457 2226 1496 2254 16

167 2272 366 2311 numquam]
386 2272 510 2301 utinam
533 2271 716 2301 Gronovius
733 2282 739 2301 z
765 2270 891 2300 utinam
911 2279 1091 2308 numquam
1108 2268 1187 2299 coni.
1205 2265 1355 2298 Schmidt
1456 2276 1496 2305 19

166 2314 324 2354 ῥ’ξόθεμιν
344 2315 455 2353 (quasi
476 2325 514 2344 ex
537 2314 608 2344 rixa
631 2317 660 2343 et
681 2313 780 2351 θέμις)
799 2312 952 2344 ORPMs
968 2312 1166 2342 Lehmann:
1197 2309 1355 2349 ῥηξίθεμιν
1372 2308 1496 2339 Bosius

168 2368 208 2387 22
234 2358 371 2388 Scilicet
392 2356 598 2397 Wesenbeng:
625 2358 684 2386 sed
702 2357 789 2388 codd.
902 2357 944 2387 26
969 2356 1079 2386 Roma
1097 2366 1134 2386 es
1151 2353 1190 2385 I:
1215 2363 1306 2384 rome
1324 2364 1360 2384 es
1379 2353 1492 2383 ORP:

169 2401 277 2431 Rome
296 2406 324 2431 Δ
435 2411 475 2440 27
501 2401 632 2432 delecto
652 2399 774 2432 ORM1

1345 2457 1406 2488 32*
