1827 2798
230 154 276 191 X.
300 153 377 191 viii
706 155 761 192 M.
794 154 961 191 TVLLI
994 153 1299 192 CICERONIS

328 264 534 302 fefellisset.
597 265 680 302 Nos
711 272 842 301 tamen
874 265 949 301 hoc
985 265 1263 302 confirmamus
1298 263 1363 302 illo
1392 263 1554 314 augurio
1584 276 1663 313 quo

284 329 506 375 8diximus‚
541 342 614 366 nec
653 341 725 365 nos
764 328 859 365 fallit
900 341 971 365 nec
1009 328 1119 365 aliter
1156 328 1319 367 accidet.
1392 330 1557 368 Corruat
1591 328 1663 367 iste

272 986 299 1022 9

250 1703 296 1731 10

328 406 487 431 necesse
517 401 574 430 est
595 401 662 430 aut
683 406 750 442 per
776 392 1016 430 adversarios
1046 402 1111 430 aut
1142 392 1225 442 ipa-e
1251 407 1319 443 per
1346 407 1387 431 se
1412 393 1479 443 qui
1499 393 1662 443 quidem

327 457 399 495 sibi
430 465 487 495 est
516 457 758 495 adversarius
790 471 889 495 unus
921 458 1141 495 acerrimus.
1202 459 1251 496 Id
1281 472 1393 508 spero
1422 457 1518 496 vivis
1546 458 1661 496 nobis

327 524 431 563 fore:
462 536 703 572 quamquam
732 531 887 572 tempus
915 531 972 560 est
1003 537 1074 560 nos
1100 525 1149 561 de
1177 523 1241 561 illa
1261 531 1449 574 perpetua
1469 522 1556 570 iam,
1580 536 1661 561 non
1682 537 1699 567 5

326 590 375 626 de
406 590 478 625 hac
508 587 646 637 exigua
675 587 753 626 vita
782 588 961 638 cogitare.
1023 589 1090 626 Sin
1120 589 1216 638 quid
1245 588 1430 626 acciderit
1459 588 1658 635 maturius,

325 654 431 691 haud
471 667 564 691 sane
603 667 691 691 mea
734 655 901 691 multum
948 653 1162 692 interfuerit
1203 661 1335 692 utrum
1372 654 1520 692 factum
1560 651 1659 705 [fiat]

323 718 480 756 videam
510 731 561 755 an
588 719 762 756 futurum
793 732 878 756 esse
907 720 1032 757 multo
1061 727 1152 757 ante
1181 718 1355 757 viderim.
1422 720 1536 767 Quae
1566 732 1658 756 cum

324 782 376 821 ita
410 783 497 829 sint,
530 796 611 820 non
641 791 699 821 est
729 783 1059 822 committendum
1087 792 1129 822 ut
1160 784 1206 822 iis
1237 797 1396 834 paream
1430 796 1529 833 quos
1568 797 1659 821 con-

323 857 379 886 tra
407 862 469 886 me
500 856 669 896 senatus,
700 863 750 888 ne
781 848 878 900 quid
909 863 968 887 res
1003 849 1161 899 publica
1192 848 1418 887 detrimenti
1448 847 1652 898 acciperet,
1680 864 1718 886 10

321 914 494 953 armavit.

376 978 466 1016 Tibi
488 987 578 1017 sunt
599 980 733 1018 onmia
753 982 1040 1027 commendata,
1057 994 1158 1029 quae
1171 978 1529 1018 commendationis
1545 992 1656 1017 meae

322 1057 392 1092 pro
435 1051 504 1081 tuo
544 1044 584 1082 in
629 1058 701 1082 nos
732 1058 864 1082 amore
896 1058 977 1082 non
1012 1044 1198 1093 indigent.
1261 1046 1348 1082 Nec
1386 1045 1544 1082 hercule
1582 1057 1655 1093 ego

321 1108 482 1157 quidem
503 1109 654 1158 reperio
675 1109 770 1158 quid
797 1109 990 1155 scribam3
1019 1111 1139 1147 sedeo
1159 1109 1265 1147 enim
1286 1109 1509 1147 πλουδοκῶν.
1570 1109 1653 1146 Etsi

321 1172 417 1210 nihil
460 1187 649 1223 umquam
698 1182 777 1211 tam
826 1174 897 1211 fuit
944 1174 1196 1211 scribendum
1244 1187 1363 1223 quam
1412 1173 1509 1211 nihil
1557 1173 1651 1210 mihi
1677 1188 1714 1219 15

321 1250 508 1286 umquam
541 1252 587 1276 ex
621 1238 797 1288 plurimis
832 1238 908 1276 tuis
943 1238 1251 1276 iucunditatibus
1285 1238 1429 1287 gratius
1463 1237 1652 1275 accidisse

319 1315 437 1351 quam
478 1304 586 1352 quod
628 1317 756 1341 meam
789 1303 961 1341 Tulliam
1008 1303 1236 1341 suavissime
1275 1302 1652 1352 diligentissimeque

318 1367 482 1405 coluisti.
538 1369 665 1406 Valde
686 1381 734 1405 eo
755 1367 839 1417 ipsa
858 1369 1052 1405 delectata
1072 1376 1139 1413 est,
1160 1381 1233 1417 ego
1253 1375 1385 1405 autem
1407 1381 1486 1405 non
1509 1367 1648 1405 minus.

319 1431 441 1470 Cuius
481 1432 640 1482 quidem
682 1432 801 1470 virtus
841 1432 1012 1470 mirifica.
1078 1435 1170 1482 Quo
1211 1434 1332 1470 modo
1371 1432 1435 1470 illa
1472 1434 1544 1470 sert
1583 1446 1650 1482 pu-

317 1496 459 1534 blicam
503 1498 668 1543 cladem,
710 1511 789 1547 quo
838 1498 959 1535 modo
1006 1497 1243 1535 domesticas
1291 1497 1430 1535 tricas!
1479 1505 1648 1547 quantus
1671 1513 1710 1534 20

316 1570 446 1599 autem
477 1561 631 1599 animus
662 1562 701 1599 in
731 1562 906 1600 discessu
936 1566 1092 1600 nostro!
1145 1565 1215 1600 Est
1243 1564 1395 1615 στοργή,
1414 1570 1472 1600 θεῖ
1496 1576 1648 1600 summa

317 1628 498 1675 σύντηξις.
557 1628 711 1665 Tamen
746 1640 818 1665 nos
856 1635 961 1666 recte
1000 1628 1125 1666 facere
1165 1635 1203 1666 et
1242 1628 1344 1666 bene
1381 1627 1517 1666 audire
1555 1629 1646 1665 vult.

317 1693 394 1729 Sed
425 1693 499 1730 hac
525 1705 641 1741 super
672 1706 711 1730 re
739 1705 783 1729 ne
812 1692 938 1738 nimis,
967 1706 1016 1730 ne
1047 1706 1175 1730 meam
1202 1693 1285 1743 ipse
1314 1693 1546 1743 συμπάθειαν
1572 1691 1648 1730 iam

316 1771 487 1795 evocem.

369 1824 431 1860 'l'u
462 1822 492 1860 si
523 1823 618 1872 quid
648 1825 698 1861 de
730 1823 934 1873 Hispaniis
973 1825 1114 1863 certius
1145 1834 1181 1863 et
1212 1825 1243 1863 si
1274 1825 1369 1875 quid
1403 1825 1520 1872 aliud,
1552 1826 1649 1863 dum
1672 1837 1709 1867 25

314 1889 513 1933 adsumus,
537 1888 693 1935 scribes,
721 1897 758 1926 θῖ
788 1903 860 1938 ego
891 1891 1051 1928 fortasse
1076 1891 1284 1928 discedens
1313 1892 1417 1929 dabo
1447 1893 1497 1929 ad
1522 1899 1559 1929 te
1585 1891 1649 1928 ali-

316 1952 411 2001 quid
450 1966 498 1989 eo
543 1952 658 1990 etiam
701 1954 822 2003 magis
862 1957 969 2004 quod
1008 1956 1137 1993 Tullia
1177 1965 1213 1994 te
1252 1970 1332 1994 non
1370 1958 1534 2006 putabat
1573 1958 1649 1993 hoc

316 2024 492 2066 tempore
512 2032 559 2055 ex
581 2018 702 2056 Italia.
764 2021 865 2058 Cum
887 2021 1064 2058 Antonio
1085 2021 1178 2059 item
1199 2029 1256 2059 cst
1277 2023 1475 2071 agendum
1496 2029 1537 2059 ut
1558 2035 1647 2059 cum

316 2081 488 2119 Curione
525 2082 685 2121 Melitae
716 2098 778 2122 me
808 2087 905 2123 velle
935 2100 1030 2133 esse,
1063 2087 1153 2124 huic
1187 2087 1289 2125 civili
1320 2088 1423 2125 bello
1458 2088 1562 2124 nolle
1596 2085 1650 2123 in-

359 2198 377 2217 2
402 2188 531 2218 accidet
551 2189 645 2221 Man.
665 2201 671 2220 :
699 2190 761 2219 -dit
779 2190 866 2221 codd.
1018 2202 1033 2230 7
1060 2192 1117 2221 fiat
1137 2188 1254 2222 O'Mlz
1279 2201 1345 2222 om.
1366 2190 1418 2221 M³
1435 2190 1521 2222 edd.:
1548 2191 1647 2222 suerit

314 2230 395 2261 RP:
423 2232 486 2261 iam
504 2233 581 2264 coni.
601 2233 721 2263 Mt'c'llcr
902 2245 940 2273 13
967 2234 1037 2266 Nec
1054 2235 1253 2274 Hofmann:
1280 2246 1322 2266 ne
1338 2235 1426 2266 rodd.
1609 2246 1646 2273 14

315 2275 514 2316 πλουδοκῶν]
533 2278 633 2307 πλοῦν
652 2277 832 2317 προσδοκῶν
851 2277 1062 2317 Dausquet'us
1247 2289 1285 2309 ‘21
1313 2279 1373 2309 Est
1391 2277 1522 2318 στοργή,
1544 2283 1595 2309 est
1618 2279 1646 2308 L

317 2319 460 2358 ξηιανς.)
478 2331 506 2350 v.
520 2331 541 2351 c.
559 2320 652 2352 Viva:
685 2322 728 2351 sit
755 2322 893 2360 στοργῆς
917 2323 961 2352 sit
986 2322 1074 2353 codd.
1254 2333 1295 2361 23
1320 2332 1356 2353 re
1380 2332 1423 2353 ne
1448 2322 1547 2352 nimis
1564 2322 1647 2352 Lcl1—

316 2373 423 2392 mann
439 2375 445 2394 ε
471 2364 570 2393 remis
588 2364 674 2395 codd.
692 2376 697 2395 :
725 2375 759 2394 rc
778 2366 876 2396 nimis
894 2366 995 2397 multa
1013 2367 1090 2397 coni.
1112 2365 1300 2406 lVesenberg
1387 2376 1429 2405 29
1453 2365 1539 2396 civili
1557 2365 1645 2396 bello

320 2404 527 2447 Wesenbmgz
555 2407 666 2438 libello
686 2407 743 2438 M:
770 2408 857 2439 bello
876 2408 955 2439 RPs
