1827 2798
241 121 394 160 XV.ia
704 120 760 158 M.
793 121 961 157 TVLLI
993 118 1300 158 CICERONIS

337 233 446 283 Quin
475 232 591 271 etiam
619 232 737 281 paulo
757 235 850 280 post
869 230 1006 270 Cumis
1037 244 1123 269 eam
1149 229 1240 269 vidi.
1300 232 1473 269 Venerat
1497 230 1601 269 enim
1630 229 1669 269 in

336 300 477 344 funus3
512 296 574 334 cui
601 295 725 333 funeri
754 308 827 344 ego
853 308 1013 345 quoque
1040 308 1200 345 operam
1222 294 1324 334 dedi.
1385 296 1457 335 Cn.
1482 296 1670 333 Lucullus

336 361 534 400 familiaris
564 368 697 398 noster
729 367 892 398 matrem
922 360 1118 398 efferebat.
1180 359 1311 398 Mansi
1336 359 1449 410 igitur
1470 373 1518 398 eo
1542 360 1606 398 die
1630 360 1671 398 in

337 426 576 464 Sinuessano
596 433 715 475 atque
736 425 829 463 inde
857 438 972 463 mane
993 425 1181 475 postridie
1201 424 1395 474 Arpinum
1417 425 1670 475 proficiscens

294 504 319 531 2
337 492 439 529 hanc
470 490 677 541 epistulam
708 489 870 528 exaravi.
933 492 1026 527 Erat
1055 498 1187 528 autem
1217 489 1314 527 nihil
1344 490 1435 528 novi
1465 491 1572 540 quod
1603 498 1669 528 aut
1690 502 1707 535 5

337 555 545 594 scriberem
573 562 640 593 aut
667 568 713 593 ex
737 562 774 593 te
800 568 1038 604 quaererem,
1062 554 1136 592 nisi
1158 556 1255 592 forte
1282 556 1359 592 hoc
1383 556 1434 593 ad
1454 568 1535 593 rem
1556 562 1670 605 putas

335 620 540 671 pertinere.
611 623 754 658 Brutus
795 627 928 658 noster
968 619 1072 657 misit
1110 621 1161 658 ad
1200 634 1264 658 me
1303 619 1520 658 orationem
1560 633 1670 658 suam

336 685 511 724 habitam
540 685 578 723 in
606 685 792 723 contione
815 684 1040 734 Capitolina
1067 683 1284 735 petivitque
1310 698 1333 723 a
1359 698 1422 723 me
1443 692 1485 722 ut
1506 698 1593 722 eam
1621 697 1671 723 ne

336 751 545 789 ambitiose
573 750 804 800 corrigerem
832 757 923 788 ante
946 763 1065 799 quam
1096 751 1238 788 ederet.
1299 752 1369 788 Est
1393 757 1524 788 autem
1547 750 1671 788 oratio

336 816 479 866 scripta
506 815 793 866 elegantissime
823 815 1042 862 sententiis,
1063 815 1201 861 verbis,
1225 823 1266 853 ut
1291 815 1387 852 nihil
1416 815 1538 865 possit
1558 816 1667 853 ultra.
1694 828 1731 851 10

338 884 423 932 Ego
450 889 582 919 tamen
610 880 640 918 si
670 880 776 919 illam
807 894 965 919 causam
998 880 1235 927 habuissem,
1266 880 1506 930 scripsissem
1535 882 1672 919 arden-

336 947 422 985 tius.
481 946 679 987 Ὑπόθεσις
704 946 813 984 vides
841 959 942 995 quae
971 945 1018 984 sit
1040 952 1075 983 et
1099 959 1266 996 persona
1292 945 1469 984 dicentis.
1530 947 1671 996 Itaque

337 1026 422 1051 eam
459 1012 649 1062 corrigere
687 1025 768 1049 non
807 1010 926 1060 potui.
995 1011 1088 1059 Quo
1127 1010 1232 1048 enim
1270 1010 1310 1048 in
1349 1024 1491 1060 genere
1527 1012 1670 1049 Brutus

337 1085 470 1116 noster
490 1091 574 1115 esse
601 1078 682 1114 vult
709 1083 747 1114 et
772 1077 880 1126 quod
908 1075 1098 1114 iudicium
1127 1076 1247 1114 habet
1273 1076 1323 1114 de
1350 1075 1502 1125 optimo
1529 1089 1671 1126 genere

337 1142 508 1188 dicendi,
531 1142 571 1180 id
599 1141 651 1179 ita
681 1148 916 1179 consecutus
947 1140 986 1178 in
1018 1154 1063 1178 ea
1093 1139 1269 1178 oratione
1298 1147 1356 1178 est
1386 1148 1428 1178 ut
1456 1140 1670 1190 elegantius
1695 1153 1730 1184 15

338 1221 423 1246 esse
450 1207 546 1245 nihil
568 1206 690 1256 possit
705 1221 714 1254 3
743 1207 813 1244 sed
834 1219 907 1255 ego
935 1213 1092 1243 secutus
1117 1205 1223 1243 aliud
1251 1218 1336 1242 sum
1365 1205 1445 1243 sive
1469 1207 1546 1243 hoc
1566 1213 1670 1244 recte

338 1273 418 1311 sive
445 1285 525 1310 non
551 1279 667 1309 recte.
724 1272 787 1307 Tu
808 1278 939 1308 tamen
961 1269 1077 1308 velim
1106 1283 1192 1308 eam
1218 1269 1435 1308 orationem
1457 1271 1572 1320 legas,
1596 1270 1669 1308 nisi

337 1339 436 1376 forte
463 1336 539 1374 iam
569 1335 705 1385 legisti,
729 1334 1014 1384 certioremque
1044 1348 1107 1372 me
1135 1334 1252 1372 facias
1274 1334 1369 1383 quid
1396 1334 1545 1373 iudices
1573 1334 1666 1385 ipse.

338 1404 592 1451 Quamquam
614 1413 748 1438 vereor
769 1413 818 1438 ne
840 1399 1076 1449 cognomine
1105 1407 1173 1438 tuo
1201 1401 1332 1449 lapsus
1353 1402 1589 1450 ὑπεροπτικὸς
1619 1400 1669 1438 sis

336 1467 374 1505 in
397 1466 624 1505 iudicando.
678 1466 755 1503 Sed
777 1464 807 1502 si
828 1465 1085 1503 recordabere
1107 1465 1371 1515 Δημοσθένους
1391 1465 1569 1513 fulmina,
1585 1473 1667 1503 tum
1691 1481 1731 1503 20

336 1532 537 1582 intelleges
562 1544 678 1581 posse
699 1538 737 1568 et
758 1531 984 1568 ἀττικώτατα
1004 1535 1040 1567 et
1057 1529 1282 1580 gravissime
1313 1530 1402 1569 dici.
1462 1532 1541 1569 Sed
1571 1532 1668 1569 haec

335 1611 479 1636 coram.
544 1598 664 1635 Nunc
698 1609 771 1634 nec
811 1595 894 1634 sine
929 1595 1095 1645 epistula
1130 1608 1202 1634 nec
1237 1608 1328 1634 cum
1363 1595 1470 1634 inani
1504 1595 1670 1647 epistula

336 1662 442 1701 volui
471 1663 522 1701 ad
553 1669 590 1700 te
622 1662 897 1699 Metrodorum
927 1659 1069 1699 venire.

380 1812 429 1849 II
639 1815 708 1849 Scr.
727 1818 761 1848 in
782 1817 913 1849 Vescino
929 1830 973 1849 xv
988 1818 1030 1849 K.
1052 1818 1126 1850 Iun.
1146 1830 1176 1851 a.
1201 1830 1256 1859 710
1276 1819 1361 1861 (44).

744 1906 915 1937 CICERO
945 1907 1125 1938 ATTICO
1157 1906 1259 1939 SAL.
1692 1910 1729 1942 ²5

295 2002 314 2030 1
390 2004 446 2030 xv
477 1994 565 2030 Kal.
598 2006 619 2032 e
650 1993 889 2033 Sinuessano
918 1995 1170 2044 proficiscens
1201 2009 1290 2034 cum
1321 1996 1518 2035 dedissem
1549 1996 1599 2034 ad
1631 2003 1669 2033 te

335 2057 480 2096 litteras
508 2059 843 2110 devertissemque
865 2061 1045 2100 †acutius
1060 2065 1071 2099 κ
1098 2060 1136 2098 in
1154 2061 1327 2100 Vescino
1353 2061 1487 2112 accepi
1508 2075 1530 2099 a
1551 2062 1669 2100 tabel-

383 2171 395 2191 1
423 2162 523 2200 paulo
544 2167 620 2201 post
639 2161 757 2193 Lamia.
774 2174 779 2194 :
806 2163 905 2201 paulo
924 2162 1009 2193 codd.
1031 2175 1037 2193 ε
1062 2163 1209 2202 paullum
1227 2163 1346 2194 Iunius
1509 2165 1539 2204 8,
1559 2175 1580 2203 9
1605 2173 1667 2194 nec

335 2205 511 2236 ambitiose
537 2207 656 2237 Rosius
685 2212 745 2236 ‘ex
769 2206 950 2236 Crnsellino
966 2206 993 2236 ³:
1033 2208 1107 2237 sine
1131 2208 1315 2238 ambitione
1339 2207 1429 2238 Koch
1567 2218 1604 2237 12
1633 2213 1666 2237 et

335 2248 409 2279 add.
435 2248 534 2278 Orclls
679 2251 717 2279 16
741 2251 801 2280 sed
824 2250 891 2279 sncl.
924 2248 1110 2290 ll'csenbetg
1206 2256 1342 2282 secutus
1367 2251 1470 2282 Pius:
1509 2251 1602 2282 solus
1630 2251 1668 2280 M

340 2302 376 2330 17
413 2302 485 2321 eam
516 2293 641 2323 Rom:
675 2298 743 2323 turn
774 2293 834 2323 M:
869 2293 948 2322 item
981 2293 1155 2324 Bachelcr:
1189 2304 1252 2325 om.
1288 2294 1423 2325 Baiter:
1452 2295 1532 2334 sort.
1563 2299 1665 2324 totam

340 2336 378 2364 18
403 2335 467 2365 iam
486 2335 538 2363 M*
559 2347 565 2366 ι
590 2346 660 2366 earn
680 2336 730 2366 ΛΙι
867 2346 902 2366 21
931 2341 965 2366 et
982 2337 1057 2367 add.
1078 2337 1195 2370 Lamb.
1338 2349 1378 2377 27
1404 2338 1549 2379 acutius]
1567 2338 1668 2368 latent

337 2380 377 2408 ad
395 2382 423 2408 cl
439 2389 556 2407 nomeu
575 2379 743 2418 firopm'llm
760 2390 766 2409 :
795 2390 814 2409 a
835 2379 950 2409 Cumis
972 2379 1072 2411 Rom.
1258 2380 1407 2413 Vescino
1425 2378 1464 2412 Z‘
1480 2393 1508 2413 v,
1529 2393 1550 2414 e.
1569 2393 1575 2413 :
1599 2381 1666 2410 Ve-

337 2422 453 2452 sciano
470 2420 529 2453 M:
556 2421 739 2453 Vescinum
763 2422 953 2464 H'esenberg
