1827 2798
137 105 224 142 XV.
249 102 357 140 xxvi
644 101 700 138 M.
732 99 900 136 TVLLI
932 98 1240 137 CICERONIS

271 229 333 254 me
364 214 440 252 iam
468 213 544 251 iam
575 213 680 250 nolle
710 224 840 260 neque
870 209 965 247 mihi
995 223 1139 259 aquam
1169 223 1254 248 esse
1284 209 1392 248 tanti.
1452 211 1529 249 Sed
1561 217 1603 248 ut

270 279 365 318 mihi
387 278 560 324 dicebas,
580 289 699 326 quam
721 275 930 322 lenissime,
954 275 1084 325 potius
1104 282 1146 312 ut
1167 288 1259 312 cura
1279 275 1463 313 liberetur
1483 289 1601 325 quam

269 352 310 382 ut
332 356 394 381 me
415 354 642 380 suscensere
665 339 814 389 aliquid
842 339 1070 390 suspicetur.
1130 341 1233 377 Item
1254 341 1304 378 de
1331 339 1398 377 illo
1418 339 1603 378 Tulliano

267 408 395 457 capite
424 406 544 444 libere
569 418 660 443 cum
682 404 876 443 Cascellio
906 406 1077 453 loquere.
1138 406 1260 441 Parva
1286 417 1346 442 res
1373 411 1444 451 est,
1465 405 1534 442 sed
1561 411 1601 441 tu

268 472 370 510 bene
400 469 612 509 attendisti.
683 469 813 507 Nimis
848 468 989 507 callide
1019 469 1217 518 agebatur.
1290 470 1374 518 Ego
1407 476 1540 506 autem
1572 467 1603 506 si
1623 482 1639 512 5

267 536 362 574 mibi
394 535 644 586 imposuisset
671 534 829 584 aliquid,
854 535 963 584 quod
992 547 1118 584 paene
1142 533 1233 571 fecit
1263 532 1336 571 nisi
1363 541 1430 571 tua
1458 533 1604 571 malitia

264 601 462 648 adfuisset,
493 600 627 639 animo
656 599 793 650 iniquo
824 600 1012 638 tulissem.
1073 601 1224 649 Itaque,
1253 607 1295 637 ut
1330 607 1371 637 ut
1403 599 1485 646 erit,
1520 613 1602 637 rem

265 665 447 717 impediri
468 667 583 703 malo.
644 666 836 704 Octavam
866 672 1017 714 partem
1039 664 1133 703 †tuli
1161 664 1397 702 luminarum
1426 663 1602 702 medium

264 734 315 770 ad
350 739 479 770 strane
508 730 733 769 memineris
762 730 825 768 cui
856 729 1072 770 Caerellia†
1101 729 1243 768 videris
1279 728 1477 779 mancipio
1508 730 1602 768 dare

264 797 315 834 ad
349 809 436 834 eam
471 809 667 833 summam
703 809 803 844 quae
842 794 916 832 sub
954 807 1149 844 praecone
1188 793 1260 832 fuit
1299 793 1477 832 maxima.
1553 795 1600 833 Id
1623 811 1662 833 10

265 861 406 912 opinor
426 874 511 899 esse
533 872 736 898 CCCLxxx.

221 939 245 978 5
320 925 424 964 Novi
454 925 484 963 si
514 925 610 975 quid
645 924 714 963 erit
748 933 867 974 atque
906 924 1023 963 etiam
1059 924 1089 962 si
1119 923 1215 974 quid
1249 923 1462 974 prospicies
1493 925 1602 974 quod

266 993 438 1030 futurum
468 999 595 1041 putes,
623 990 769 1028 scribas
796 991 846 1028 ad
875 1004 938 1028 me
964 1004 1082 1040 quam
1111 989 1338 1039 saepissime
1358 989 1486 1036 velim,
1510 991 1603 1027 Var-

265 1056 361 1103 roni,
393 1070 512 1106 quem
546 1057 596 1094 ad
632 1056 796 1094 modum
828 1055 898 1093 tibi
934 1054 1131 1102 mandavi,
1161 1054 1385 1092 memineris
1417 1068 1601 1093 excusare

266 1121 487 1161 tarditatem
509 1121 723 1159 litterarum
744 1134 931 1159 mearum.
994 1121 1172 1158 Mundus
1193 1119 1265 1157 iste
1285 1133 1376 1157 curn
1395 1122 1450 1157 M.
1469 1119 1600 1157 Ennio
1623 1138 1659 1169 ¹5

266 1186 362 1237 quid
393 1186 512 1237 egerit
546 1188 596 1225 de
631 1193 868 1224 testamento
896 1185 1091 1237 (curiosus
1120 1198 1203 1223 sum
1234 1184 1357 1237 enim)
1387 1184 1505 1223 facias
1537 1198 1600 1223 me

266 1251 382 1290 velim
404 1251 619 1290 certiorem.
681 1252 739 1288 Ex
760 1250 939 1301 Arpinati
961 1262 1001 1288 vl
1024 1251 1128 1288 Non.

309 1401 488 1437 XXVII
534 1404 602 1436 Ser.
620 1403 654 1435 in
672 1403 863 1444 Arpinativ
880 1402 966 1435 Non.
989 1402 1101 1443 Quint.
1120 1412 1150 1434 a.
1175 1411 1231 1442 710
1248 1402 1338 1444 (445.

674 1491 847 1523 CICERO
878 1490 1059 1522 ATTICO
1089 1489 1195 1522 SAL.

229 1599 245 1625 1
320 1584 487 1622 Gaudeo
512 1582 551 1620 id
575 1589 613 1620 te
642 1581 736 1619 mihi
764 1582 928 1619 suadere
949 1581 1057 1630 quod
1088 1593 1161 1630 ego
1192 1593 1278 1617 mea
1308 1586 1449 1629 sponte
1476 1577 1599 1629 pridie
1620 1591 1659 1612 20

265 1650 443 1688 feceram.
503 1649 607 1685 Nam
638 1661 728 1685 cum
758 1647 808 1684 ad
839 1654 876 1684 te
907 1658 946 1683 Vl
979 1647 1117 1683 Nonas
1146 1647 1292 1692 darem,
1322 1644 1451 1683 eidem
1482 1644 1601 1682 tabel-

264 1715 359 1753 lario
379 1714 472 1753 dedi
493 1713 610 1752 etiam
632 1714 681 1751 ad
703 1712 872 1751 Sestium
899 1711 1061 1761 scriptas
1081 1712 1176 1749 πάνυ
1196 1712 1466 1763 φιλοστόργως.
1528 1711 1601 1748 Ille

263 1788 406 1826 autem,
430 1780 538 1829 quod
570 1779 755 1816 Puteolos
785 1776 1043 1827 persequitur,
1070 1777 1254 1822 humane,
1277 1777 1386 1825 quod
1413 1774 1599 1825 queritur,

264 1845 416 1884 iniuste.
491 1845 583 1882 Non
623 1843 727 1881 enim
769 1856 842 1892 ego
881 1849 960 1879 tam
1000 1840 1109 1878 illum
1149 1848 1374 1890 exspectare
1412 1841 1508 1879 dum
1548 1841 1598 1878 de

264 1913 425 1950 Cosano
451 1908 592 1947 rediret
619 1907 738 1946 debui
767 1920 886 1957 quam
914 1906 977 1944 ille
1004 1913 1070 1943 aut
1095 1919 1175 1943 non
1202 1905 1255 1944 ire
1282 1913 1373 1944 ante
1394 1918 1513 1955 quarn
1535 1918 1598 1943 me
1618 1917 1656 1948 25

263 1975 423 2014 vidisset
452 1981 518 2012 aut
543 1973 657 2011 citius
685 1972 833 2011 reverti.
894 1971 1051 2009 Sciebat
1075 1970 1181 2008 enim
1212 1984 1275 2008 me
1305 1970 1480 2009 celeriter
1500 1971 1599 2008 velle

312 2091 323 2110 1
351 2090 470 2119 aquarn
488 2078 657 2109 Turnebus
671 2090 676 2108 ;
701 2087 800 2116 quam
814 2073 891 2106 MZ‘
907 2088 912 2105 :
938 2076 1117 2114 quicquam
1133 2074 1209 2105 Vz'ct.
1282 2086 1300 2113 4
1325 2074 1464 2113 loquere
1478 2074 1597 2105 Orelli:

262 2124 402 2163 loquare
422 2122 462 2153 M
593 2134 608 2161 7
636 2127 670 2152 ut
689 2127 723 2151 ut
741 2120 822 2151 Ant.
838 2116 925 2150 ΓΖΝ
963 2124 1000 2149 ut
1025 2118 1066 2147 Μ
1195 2119 1215 2148 8
1239 2118 1358 2148 sustuli
1383 2118 1597 2148 luminarium

262 2168 395 2198 aedium
422 2167 578 2197 Asturae.
639 2165 833 2195 Memineris
858 2174 933 2193 cum
959 2161 1161 2192 Caerelliam
1186 2162 1312 2192 videris
1330 2162 1499 2200 mancipio
1518 2162 1597 2191 dare

262 2211 341 2241 roni.
361 2211 464 2241 Boot:
491 2209 718 2240 Tullianarurn
737 2209 870 2237 aedium
885 2207 926 2236 ad
947 2206 1104 2236 Streniae
1125 2206 1183 2235 yila
1201 2205 1338 2245 qnidam
1363 2211 1413 2245 ap.
1435 2205 1553 2235 Lamb.
1571 2209 1600 2235 ct

269 2255 451 2285 annelmsi
487 2253 601 2283 deberi
640 2252 850 2287 Caerelliam
897 2250 1023 2280 videris
1057 2249 1225 2288 mancipio
1255 2250 1336 2279 dare
1367 2248 1596 2289 Slmckbm‘glt.

268 2298 397 2328 Tullius
421 2301 467 2326 est
498 2296 625 2325 Tullius
653 2296 843 2324 Montanus.
896 2293 946 2323 De
972 2293 1104 2322 nomine
1130 2292 1325 2322 Caerzllz'ano
1353 2293 1389 2333 cf.
1418 2293 1476 2324 xii,
1499 2302 1552 2331 51.
1577 2302 1596 2330 3

270 2342 306 2371 16
331 2352 403 2371 sum
423 2340 510 2370 enim
545 2339 683 2378 Ysvrrell:
710 2339 798 2368 enim
827 2336 884 2367 M:
910 2337 1000 2366 cuim
1023 2346 1096 2366 sum
1126 2335 1315 2375 ll'eseszberg
1455 2346 1496 2375 23
1521 2346 1596 2375 per-

265 2386 417 2421 sequitur
433 2382 520 2413 codd.
537 2386 664 2422 praeter
680 2382 718 2411 M
733 2393 738 2411 ε
767 2381 983 2421 prosequitur
999 2380 1057 2410 M:
1083 2380 1232 2419 sequitur
1249 2379 1335 2410 Reid
1453 2390 1494 2419 24
1518 2380 1596 2410 dum

269 2427 478 2468 W'esenberg:
503 2436 578 2457 cum
595 2425 683 2456 codd.
