1827 2798
586 142 698 179 EPP.
731 143 807 179 AD
839 143 1096 181 ATTICVM
1467 139 1538 176 XI.

184 253 424 293 necessarius
445 267 583 303 operas
610 253 649 291 in
675 262 788 303 portu
817 261 855 292 et
881 253 1070 304 scriptura
1096 252 1213 291 Asiae
1234 264 1304 302 pro
1326 249 1508 300 magistro

183 318 302 356 dedit.
364 320 403 356 Is
434 318 627 366 Quintum
660 318 780 355 fllium
809 317 955 367 Ephesi
978 317 1076 356 vidit
1103 330 1141 355 VI
1168 318 1265 356 Idus
1298 316 1505 354 Decembr.

182 396 353 432 eumque
373 382 548 420 studiose
570 391 726 432 propter
745 382 955 420 amicitiam
978 390 1150 419 nostram
1172 380 1346 419 invitavit
1365 395 1374 428 3
1404 394 1509 418 cum-

182 460 259 496 que
276 461 322 485 ex
343 460 390 485 eo
411 448 461 485 de
483 460 545 484 me
562 454 865 495 percontaretur,
885 460 976 484 eum
995 446 1068 483 sibi
1083 446 1135 483 ita
1152 446 1294 483 dixisse
1316 446 1509 491 narrabat,

145 523 160 553 5
181 525 223 549 se
244 511 339 549 mihi
360 525 445 549 esse
466 510 794 556 inimicissimum,
811 511 1076 559 volumenque
1098 510 1171 548 sibi
1189 510 1408 548 ostendisse
1429 523 1509 547 ora-

181 576 298 614 tionis
333 589 451 625 quam
490 576 596 625 apud
636 576 844 613 Caesarem
880 582 1015 612 contra
1050 588 1112 612 me
1151 582 1253 612 esset
1292 574 1504 612 habiturus.

184 642 311 678 Multa
348 654 370 678 a
409 654 449 678 se
487 640 593 678 dicta
631 648 766 677 contra
805 638 887 677 eius
925 639 1148 676 amentiam.
1211 640 1338 676 Multa
1373 647 1509 688 postea

182 705 304 743 Patris
325 704 440 742 simili
462 705 607 742 scelere
628 717 761 741 secum
780 703 973 751 Quintum
995 712 1144 752 patrem
1166 705 1366 751 locutum3
1397 703 1506 741 cuius

180 771 348 807 furorem
369 768 481 807 exiis
502 767 677 817 epistulis
703 781 800 817 quas
825 769 877 805 ad
906 776 943 806 te
969 768 1057 805 misi
1086 768 1304 818 perspicere
1333 768 1503 818 potuisti.

126 850 161 871 10
183 835 295 872 Haec
325 833 395 871 tibi
425 832 551 871 dolori
572 846 656 870 esse
677 841 784 870 certo
806 832 913 879 scio;
943 846 1006 871 me
1034 833 1194 883 quidem
1216 834 1438 872 excruciant
1468 843 1505 872 et

180 912 228 936 eo
258 899 379 948 magis
409 899 518 948 quod
548 897 645 935 mihi
673 911 764 936 cum
789 897 863 936 illis
890 911 939 936 ne
963 898 1153 948 querendi
1183 899 1343 948 quidem
1374 901 1503 937 locum

179 965 351 1001 futurum
373 972 480 1013 puto.

235 1029 295 1066 De
316 1028 509 1066 Africanis
536 1028 652 1066 rebus
678 1029 794 1078 longe
817 1027 892 1065 alia
919 1027 1033 1065 nobis
1053 1041 1099 1066 ac
1119 1035 1161 1065 tu
1182 1028 1388 1077 scripseras
1409 1042 1505 1066 nun·
1522 1039 1546 1065 2

179 1092 332 1130 tiantur.
398 1093 507 1130 Nihil
545 1092 651 1130 enim
691 1092 838 1129 firmius
878 1106 962 1130 esse
1001 1093 1151 1137 dicunt,
1186 1092 1282 1129 nihil
1320 1092 1501 1142 paratius.

122 1172 158 1204 15
178 1158 344 1196 Accedit
367 1157 561 1207 Hispania
580 1166 618 1195 et
638 1157 806 1195 alienata
828 1157 949 1203 Italia,
973 1157 1171 1206 legionum
1194 1171 1266 1195 nec
1287 1157 1343 1194 vis
1364 1159 1502 1195 eadem

177 1236 250 1261 nec
279 1225 470 1270 voluntas,
493 1223 666 1260 urbanae
695 1236 754 1260 res
786 1222 970 1272 perditae.
1031 1222 1139 1271 Quid
1167 1230 1225 1260 est
1254 1222 1320 1260 ubi
1351 1222 1503 1272 acquie-

177 1302 294 1335 scam,
317 1288 391 1326 nisi
417 1302 535 1338 quam
563 1288 630 1326 diu
655 1296 741 1326 tuas
772 1287 917 1325 litteras
944 1289 1060 1337 lego?
1117 1289 1230 1336 Quae
1260 1296 1390 1325 essent
1419 1301 1503 1337 pro-

177 1354 280 1391 fecto
296 1353 519 1400 crebriores,
536 1353 566 1391 si
583 1353 679 1403 quid
693 1354 857 1391 haberes
874 1367 953 1402 quo
967 1361 1122 1402 putares
1140 1366 1267 1390 meam
1282 1352 1500 1390 molestiam

178 1418 301 1455 minui
331 1432 456 1468 posse.
531 1420 608 1457 Sed
638 1426 772 1457 tamen
804 1426 841 1456 te
873 1432 966 1467 rogo
1001 1425 1042 1455 ut
1074 1431 1123 1455 ne
1153 1417 1385 1455 intermittas
1414 1417 1501 1455 scri·

119 1497 157 1518 20
178 1483 268 1521 bere
302 1484 352 1521 ad
384 1497 447 1521 me
471 1483 662 1533 quicquid
692 1483 762 1521 erit
791 1496 938 1532 eosque
968 1482 1035 1532 qui
1065 1482 1161 1520 mihi
1186 1491 1264 1519 tam
1294 1482 1502 1520 crudeliter

176 1548 324 1586 inimici
346 1557 446 1595 sunt,
471 1548 502 1585 si
523 1549 654 1586 odisse
675 1562 756 1586 non
777 1556 900 1598 poteS,
922 1561 1083 1585 accuses
1104 1555 1246 1593 tamen,
1269 1561 1350 1584 non
1376 1555 1417 1585 ut
1437 1547 1501 1585 ali-

175 1612 271 1662 quid
292 1612 473 1662 proficias
495 1614 565 1650 sed
586 1621 627 1650 ut
649 1612 719 1650 tibi
741 1626 803 1650 me
824 1626 957 1650 carum
978 1625 1063 1650 esse
1083 1611 1263 1649 sentiant.
1314 1613 1429 1649 Plura
1448 1613 1499 1649 ad

175 1685 213 1715 te
243 1677 421 1724 scribam,
446 1677 476 1715 si
498 1677 594 1715 mihi
617 1679 668 1716 ad
695 1691 760 1715 eas
787 1677 931 1715 litteras
961 1690 1057 1727 quas
1082 1676 1257 1726 proxime
1277 1677 1327 1715 ad
1349 1684 1386 1715 te
1407 1676 1499 1715 dedi

174 1741 424 1792 rescripseris.
483 1743 591 1780 Vale.
651 1753 711 1779 ΧΠ
736 1743 786 1780 K.
810 1741 922 1780 Febr.

114 1920 154 1953 25
215 1912 282 1948 XI
466 1916 534 1948 Scr.
554 1916 715 1947 Brundisz
732 1916 789 1948 viii
801 1915 850 1948 Id.
871 1915 971 1947 Mart.
991 1927 1020 1948 a.
1042 1926 1101 1956 707
1120 1916 1204 1956 (47).

591 2021 766 2053 CICERO
791 2021 962 2052 ATTICO
989 2021 1086 2053 SAL.

226 2110 441 2148 Confectus
475 2109 553 2148 iam
587 2109 760 2148 cruciatu
795 2110 1053 2148 maximorum
1086 2111 1267 2148 dolorum
1303 2123 1351 2147 ne
1385 2109 1416 2147 si
1449 2109 1496 2148 sit
1517 2117 1534 2144 1

171 2174 332 2224 quidem
353 2176 461 2224 quod
481 2177 533 2213 ad
553 2182 591 2213 te
611 2175 778 2213 debeam
796 2175 963 2213 scribere
979 2174 1091 2212 facile
1107 2174 1147 2212 id
1161 2174 1320 2224 exsequi
1333 2174 1493 2224 possim,

213 2289 233 2316 4
257 2283 516 2317 percontaretur
534 2277 648 2308 CWL
669 2278 832 2318 <margstt
868 2282 1064 2308 contaretur
1089 2278 1186 2308 ΔΘΕ
1330 2288 1346 2316 7
1371 2287 1389 2307 a
1417 2277 1493 2307 M2':

169 2332 234 2352 om.
256 2320 306 2350 Ml
316 2320 361 2350 W
487 2322 507 2351 8
533 2322 642 2352 Patris
659 2321 756 2351 simili
776 2321 899 2351 Orelli:
924 2322 1031 2361 patris
1047 2322 1119 2351 eius
1136 2321 1235 2351 simili
1254 2319 1361 2351 MW:
1387 2321 1494 2351 Patris

169 2364 333 2394 consimili
355 2364 428 2395 Vict.
578 2375 614 2404 15
641 2365 735 2395 Italia
754 2363 887 2395 CWZl:
911 2366 976 2395 alia
994 2369 1047 2395 ΣΔ
1192 2375 1230 2403 19
1255 2369 1349 2395 utne
1371 2363 1433 2394 W:
1459 2370 1493 2395 ut

169 2406 340 2437 M'EOR:
366 2419 409 2438 ne
427 2407 499 2438 M²s
630 2409 672 2438 28
697 2409 820 2448 possim
838 2408 959 2438 Rosius
975 2420 981 2439 :
1005 2418 1139 2447 possem
1157 2407 1244 2437 MW
