1827 2798
194 153 288 191 XII.
312 153 453 190 xxxvi
686 152 742 190 M.
775 151 944 190 TVLLI
975 150 1282 190 CICERONIS

312 264 443 303 habeo
467 277 517 302 ne
543 276 606 302 me
635 262 796 313 quidem
825 261 955 312 ipsum
977 261 1137 311 quicum
1158 267 1238 300 tam
1258 262 1444 301 audacter
1469 273 1644 300 commu-

312 329 441 367 nicem
472 341 591 378 quam
621 335 763 366 tecum.
838 326 907 366 Sin
938 326 1010 365 tibi
1043 340 1114 375 res,
1146 326 1178 364 si
1208 328 1329 373 locus,
1360 326 1393 365 si
1421 325 1643 365 institutum

312 394 450 444 placet,
474 394 569 442 lege,
593 406 752 442 quaeso,
774 393 901 442 legem
923 391 1100 441 mihique
1121 404 1208 430 eam
1238 391 1359 430 mitte.
1418 391 1459 430 Si
1483 390 1579 441 quid
1602 390 1643 428 in

312 466 487 497 mentem
508 458 637 496 veniet
658 471 738 508 quo
759 459 881 496 modo
902 471 990 496 eam
1011 458 1180 507 effugere
1200 456 1407 507 possimus,
1430 464 1595 495 utemur.

365 524 432 561 Ad
461 525 627 561 Brutum
655 523 686 562 si
713 523 809 573 quid
840 523 996 571 scribes,
1026 522 1100 560 nisi
1127 522 1300 560 alienum
1326 521 1493 572 putabis,
1516 520 1643 558 obiur-

310 596 401 638 gato
422 602 512 626 eum
530 590 639 638 quod
655 589 694 626 in
713 590 896 628 Cumano
915 602 1002 627 esse
1023 588 1191 626 noluerit
1208 595 1365 638 propter
1381 600 1468 625 eam
1484 599 1643 624 causam

311 665 430 702 quam
464 652 536 690 tibi
570 652 659 691 dixi.
731 652 931 702 Cogitanti
969 652 1075 691 enim
1114 651 1211 690 mihi
1249 651 1347 689 nihil
1378 658 1458 688 tam
1491 649 1644 687 videtur

310 717 485 767 potuisse
506 719 632 756 facere
652 717 804 756 rustice.
865 719 916 755 Et
937 716 968 755 si
989 716 1059 755 tibi
1080 716 1251 767 placebit
1272 715 1328 754 sic
1347 728 1460 765 agere
1480 715 1531 753 de
1551 715 1643 752 fano

311 789 353 819 ut
382 781 597 831 coepimus,
620 782 736 820 velim
766 783 971 820 cohortere
1001 788 1040 819 et
1069 794 1235 820 exacuas
1266 779 1476 819 Cluatium.
1537 779 1643 817 Nam

310 845 428 884 etiam
460 846 492 884 si
522 846 600 885 alio
631 848 721 884 loco
751 846 933 896 placebit,
968 845 1070 883 illius
1100 845 1217 884 nobis
1248 858 1367 895 opera
1397 843 1643 893 consilioque

310 912 504 950 utendum
524 918 631 961 puto.
692 912 755 949 Tu
775 912 827 950 ad
846 910 979 949 villam
999 911 1162 949 fortasse
1183 923 1277 948 cras.

353 1056 576 1092 XXXVII
621 1058 691 1092 Scr.
711 1060 857 1091 Asturae
871 1060 904 1090 iv
919 1059 1006 1090 Non.
1025 1059 1107 1091 Mai.
1125 1069 1155 1090 a.
1177 1069 1236 1100 709
1258 1058 1338 1100 (45).

719 1147 890 1179 CICERO
920 1147 1102 1178 ATTICO
1133 1146 1237 1178 SAL.

366 1239 403 1275 A
441 1244 479 1276 te
513 1237 595 1276 heri
629 1238 726 1276 duas
761 1236 947 1287 epistulas
976 1235 1122 1286 accepi,
1153 1237 1316 1274 alteram
1349 1234 1475 1285 pridie
1509 1236 1642 1273 datam

313 1302 465 1349 Hilaro,
488 1303 648 1340 alteram
671 1303 813 1340 eodem
835 1301 899 1339 die
921 1300 1133 1346 tabellario,
1156 1300 1372 1350 accepique
1392 1300 1442 1338 ab
1463 1302 1643 1350 Aegypta

310 1366 451 1405 liberto
478 1368 620 1405 eodem
641 1367 705 1405 die
727 1366 865 1404 Piliam
887 1373 925 1403 et
946 1365 1118 1403 Atticam
1143 1366 1260 1415 plane
1286 1364 1389 1403 belle
1416 1378 1457 1403 se
1484 1366 1639 1403 habere.

311 1431 433 1479 Quod
463 1431 559 1469 mihi
588 1431 697 1469 Bruti
724 1431 880 1477 litteras,
912 1437 1075 1479 gratum.
1135 1430 1201 1468 Ad
1231 1442 1296 1467 me
1324 1442 1484 1479 quoque
1515 1428 1643 1477 misit3

308 1509 410 1545 quae
437 1496 586 1535 litterae
617 1496 714 1535 mihi
745 1496 921 1534 redditae
953 1503 1043 1533 sunt
1072 1494 1187 1533 tertio
1220 1494 1379 1533 decimo
1407 1494 1481 1533 die.
1543 1496 1642 1532 Eam

308 1560 433 1611 ipsam
464 1563 515 1600 ad
545 1569 582 1600 te
612 1560 819 1611 epistulam
847 1559 934 1597 misi
962 1567 1000 1598 et
1025 1560 1077 1598 ad
1103 1573 1191 1597 eam
1211 1560 1436 1609 exemplum
1465 1572 1641 1597 mearum

308 1626 533 1665 litterarum.

364 1693 426 1729 De
447 1693 549 1738 fano,
573 1690 605 1729 si
628 1691 726 1728 nihil
755 1690 852 1728 mihi
878 1692 1082 1729 hortorum
1110 1690 1273 1739 invenis⁷
1295 1691 1367 1740 qm‘
1388 1689 1549 1740 quidem
1570 1688 1642 1728 tibi

309 1756 535 1794 inveniendi
567 1764 668 1803 sunt,
693 1756 723 1793 si
749 1769 811 1793 me
841 1755 938 1794 tanti
967 1756 1062 1794 facis
1091 1756 1227 1806 quanti
1257 1764 1361 1794 certe
1391 1756 1495 1802 facis,
1527 1756 1641 1793 valde

308 1822 435 1872 probo
455 1822 646 1860 rationem
671 1829 779 1859 tuam
807 1822 857 1859 de
885 1823 1124 1859 Tusculano.
1186 1821 1376 1870 Quamvis
1397 1822 1569 1871 prudens
1589 1821 1641 1858 ad

308 1886 562 1936 cogitandum
584 1886 646 1934 sis,
670 1886 769 1924 sicut
790 1900 841 1933 es,
866 1894 999 1925 tamen
1020 1886 1095 1924 nisi
1124 1900 1289 1936 magnae
1310 1900 1425 1924 curae
1446 1885 1517 1923 tibi
1538 1892 1641 1924 esset

308 1959 350 1990 ut
370 1965 442 2002 ego
463 1966 724 2001 consequerer
744 1952 784 1990 id
806 1954 914 2002 quod
935 1966 1079 2003 magno
1108 1966 1225 2002 opere
1246 1953 1397 1998 vellem,
1421 1964 1638 2001 numquam

307 2030 352 2055 ea
390 2031 449 2055 res
488 2016 558 2055 tibi
597 2024 677 2054 tam
711 2017 814 2056 belle
848 2017 887 2054 in
923 2025 1096 2055 mentem
1130 2017 1262 2055 venire
1300 2016 1501 2066 potuisset.
1561 2015 1640 2054 Sed

307 2082 441 2121 nescio
465 2097 545 2133 quo
571 2091 688 2133 pacto
715 2082 983 2122 celebritatem
1010 2082 1165 2133 requiro
1180 2097 1191 2130 3
1219 2082 1351 2132 itaque
1378 2083 1512 2120 hortos
1542 2079 1640 2118 mihi

307 2148 494 2187 conficias
524 2162 685 2187 necesse
717 2156 785 2187 est.
846 2148 1023 2186 Maxima
1053 2155 1111 2186 est
1136 2148 1175 2186 in
1205 2149 1396 2198 Scapulae
1420 2145 1636 2192 celebritas,

351 2263 371 2282 2
395 2259 504 2284 tecum
525 2253 712 2284 Corradus:
737 2258 770 2283 te
787 2251 875 2284 codd.
954 2262 972 2292 7
990 2252 1075 2282 dixit
1087 2251 1115 2281 L
1129 2251 1270 2292 (weng.)
1364 2252 1401 2281 18
1426 2261 1510 2291 quae
1521 2275 1528 2282 .
1543 2275 1550 2282 .
1561 2274 1569 2282 .
1584 2250 1639 2280 die

306 2296 393 2328 codd.
407 2298 524 2327 habent
537 2301 612 2337 post
625 2298 748 2327 habere
763 2297 796 2337 (l.
807 2297 862 2335 16)
874 2308 879 2326 :
905 2296 1106 2336 transposuit
1118 2295 1242 2326 Sclzdtz
1254 2306 1260 2325 :
1281 2294 1350 2326 secl.
1363 2296 1478 2325 Baiter
1532 2293 1635 2333 quae]

307 2344 363 2370 tue
379 2340 443 2370 hae
462 2341 525 2379 ψεῖ
539 2342 612 2378 tue)
630 2339 706 2371 Ml:
728 2341 791 2370 hae
804 2333 984 2370 ZlSchzssvhe
1043 2339 1193 2379 decimo]
1211 2339 1253 2369 de
1264 2339 1414 2369 Cumano
1430 2336 1568 2370 Schiche,
1581 2336 1642 2376 qui

306 2383 456 2414 ordinem
472 2385 642 2414 verborum
659 2384 692 2414 in
709 2383 798 2414 codd.
817 2382 935 2413 datum
951 2386 1060 2413 setvat
1146 2392 1185 2412 21
1211 2382 1267 2421 qui
1283 2381 1358 2412 add.
1375 2385 1445 2413 velt.
1463 2392 1470 2413 ε
1493 2382 1521 2412 si
1535 2381 1636 2411 Rom.

1666 856 1703 879 10

1661 1636 1701 1659 20

1660 1960 1698 1993 ²5
