1827 2798
182 0 256 134 R

214 166 283 202 IX.
309 175 369 201 xv
677 166 732 202 M.
765 164 933 201 TVLLI
964 163 1271 202 CICERONIS

308 276 496 325 quoniam
517 277 566 314 de
590 277 762 313 adventu
785 274 962 314 Caesaris
983 288 1054 324 pro
1074 283 1181 314 certo
1208 276 1463 325 habebamus,
1491 291 1633 328 pueros

308 348 394 378 tuos
424 342 475 378 ad
506 348 543 377 te
572 339 781 387 remittere,
805 347 847 377 ut
868 338 908 377 id
929 347 970 377 tu
992 353 1111 389 quam
1134 339 1303 390 primum
1333 341 1461 380 scires.
1522 344 1634 380 Man-

305 406 397 442 data
436 412 502 442 tua
544 404 658 442 nobis
702 417 816 442 curae
860 412 951 442 sunt
991 418 1116 454 eaque
1154 412 1196 441 ut
1236 412 1391 455 tempus
1430 406 1634 456 postularit

304 482 476 519 agemus.
535 469 743 507 Trebatius
773 470 911 507 sedulo
938 469 1030 507 facit
1057 478 1098 508 ut
1125 472 1344 508 antecedat.

360 534 539 584 Epistula
559 533 780 584 conscripta
810 533 1033 572 nuntiatum
1064 542 1122 572 est
1152 534 1267 573 nobis
1299 536 1509 574 Caesarem
1537 549 1571 574 a.
1594 537 1631 574 d.
1655 549 1671 579 5

306 610 380 637 v111
406 602 454 637 K.
474 599 618 649 Aprilis
641 599 856 638 Beneventi
889 613 1128 646 mansurum,
1152 614 1184 638 a.
1208 601 1245 638 d.
1263 612 1320 638 V11
1343 602 1518 651 Capuae,
1538 615 1571 639 a.
1594 602 1631 639 d.

306 676 345 702 v1
369 665 586 703 Sinuessae.
646 666 739 703 Hoc
759 678 829 715 pro
850 673 956 704 certo
977 666 1184 715 putamus.'

347 807 458 843 XVI
588 810 653 843 Ser.
675 812 708 842 in
725 812 902 843 Formiano
919 813 966 843 vii
977 812 1020 843 K.
1041 812 1125 852 Apr.
1146 823 1175 843 a.
1197 822 1250 852 705
1268 812 1357 853 (49),

718 900 890 931 CICERO
912 900 1092 931 ATTICO
1115 900 1221 931 SAL.

268 987 285 1014 1
359 979 462 1017 Cum
502 979 610 1028 quod
649 978 858 1017 scriberem
897 980 947 1017 ad
982 986 1019 1017 te
1054 978 1150 1016 nihil
1185 979 1382 1026 haberem,
1419 986 1550 1018 tamen
1583 993 1632 1018 ne
1653 995 1691 1016 10

304 1057 424 1093 quem
454 1043 559 1082 diem
590 1043 885 1082 intermitterem
917 1045 986 1081 has
1016 1043 1109 1082 dedi
1139 1043 1294 1082 litteras.
1371 1046 1418 1082 A.
1445 1046 1481 1082 d.
1510 1057 1549 1082 vl
1581 1047 1629 1082 K.

306 1110 516 1148 Caesarem
556 1109 762 1147 Sinuessae
798 1122 1025 1146 mansurum
1059 1108 1304 1147 nuntiabant.
1354 1110 1419 1147 Ab
1454 1123 1502 1147 eo
1537 1109 1633 1147 mihi

307 1174 455 1213 litterae
483 1174 658 1212 redditae
688 1182 777 1212 sunt
798 1188 830 1212 a.
853 1176 890 1212 d.
914 1186 971 1212 V11
1002 1177 1051 1212 K.
1075 1174 1218 1224 quibus
1246 1174 1322 1212 iam
1347 1178 1355 1194 ‘
1371 1176 1490 1225 opes’
1512 1188 1632 1222 meas,

308 1253 386 1278 non
417 1247 458 1277 ut
489 1239 752 1289 superioribus
782 1239 916 1277 litteris
949 1242 1111 1290 ‘opem'
1146 1247 1355 1290 exspectat.
1415 1241 1518 1279 Cum
1549 1239 1631 1278 eius

305 1306 556 1344 clementiam
579 1306 867 1345 Corfiniensem
888 1306 993 1344 illam
1024 1320 1091 1356 per
1121 1305 1266 1344 litteras
1290 1305 1630 1344 conlaudavissem
1654 1319 1689 1349 15

306 1370 501 1421 rescripsit
522 1372 597 1409 hoc
619 1373 822 1421 exemplo:

402 1449 645 1486 ‘CAESAR
677 1449 790 1485 IMP.
823 1448 1102 1486 CICERONI
1135 1449 1248 1486 IMP.
1281 1449 1392 1486 SAL.
1427 1449 1537 1487 DIC.

261 1531 285 1559 2
360 1525 485 1562 Recte
514 1523 712 1573 auguraris
746 1525 796 1562 de
831 1538 893 1562 me
925 1523 1044 1574 (bene
1078 1524 1183 1562 enim
1216 1524 1286 1563 tibi
1318 1525 1497 1574 cognitus
1527 1524 1631 1573 sum)

306 1589 401 1627 nihil
431 1603 453 1627 a
484 1603 546 1627 me
574 1590 712 1628 abesse
733 1589 886 1639 longius
907 1589 1147 1628 crudelitate.
1207 1592 1339 1640 Atque
1365 1604 1438 1640 ego
1465 1603 1555 1628 cum
1586 1604 1632 1627 ex

306 1655 388 1705 ipsa
417 1669 456 1693 re
487 1669 668 1705 magnam
696 1655 809 1705 capio
830 1657 1070 1705 voluptatem
1101 1663 1183 1693 tum
1210 1669 1342 1694 meum
1373 1657 1519 1693 factum
1547 1668 1632 1704 pro·
1653 1671 1692 1692 20

306 1721 386 1759 bari
407 1721 476 1758 abs
499 1728 535 1758 te
557 1720 755 1770 triumpho
775 1720 930 1769 gaudio.
991 1722 1132 1770 Neque
1161 1721 1256 1759 illud
1279 1735 1341 1759 me
1370 1728 1500 1759 movet
1522 1721 1631 1770 quod

305 1786 328 1823 ii
350 1786 417 1836 qui
437 1800 459 1823 a
481 1800 543 1824 me
565 1785 715 1824 dimissi
740 1793 829 1823 sunt
851 1785 1076 1824 discessisse
1108 1786 1292 1824 dicuntur
1313 1793 1353 1823 ut
1376 1785 1471 1822 mihi
1502 1799 1631 1823 rursus

305 1853 451 1890 bellum
482 1851 676 1890 inferrent.
737 1851 845 1889 Nihil
866 1851 971 1889 enim
999 1853 1103 1889 malo
1130 1865 1248 1901 quam
1276 1858 1314 1889 et
1340 1865 1401 1889 me
1429 1850 1505 1889 mei
1530 1850 1632 1888 simi-

260 1927 285 1965 3
304 1919 380 1955 lem
402 1931 486 1955 esse
508 1924 545 1955 et
567 1917 652 1954 illos
674 1916 742 1954 sui.
801 1918 864 1954 Tu
886 1917 1002 1954 velim
1033 1917 1128 1954 mihi
1155 1918 1204 1954 ad
1232 1917 1370 1954 urbem
1398 1924 1553 1966 praesto
1580 1916 1631 1954 sis

304 1990 345 2020 ut
368 1982 440 2020 tuis
462 1982 633 2021 consiliis
654 1989 771 2031 atque
792 1981 944 2031 opibus,
968 1990 1009 2019 ut
1030 1980 1226 2027 consuevi,
1250 1981 1288 2018 in
1310 1980 1494 2018 omnibus
1515 1982 1631 2019 rebus
1655 1998 1690 2028 25

304 2055 398 2085 utar.
460 2048 667 2086 Dolabella
687 2055 755 2085 tuo
775 2047 871 2084 nihil
893 2047 991 2085 scito
1013 2047 1107 2084 mihi
1128 2060 1213 2084 esse
1234 2045 1455 2084 iucundius.
1511 2048 1630 2084 Hanc

301 2114 402 2152 adeo
424 2114 580 2151 habebo
601 2112 762 2162 gratiam
790 2112 871 2159 illi;
902 2126 1030 2162 neque
1055 2112 1159 2150 enim
1187 2112 1297 2150 aliter
1322 2113 1448 2150 facere
1475 2111 1626 2161 poterit.

302 2181 430 2216 Tanta
451 2178 532 2217 eius
554 2177 787 2223 humanitas,
812 2177 842 2214 is
864 2190 1011 2223 sensus,
1035 2191 1080 2215 ea
1100 2176 1139 2214 in
1158 2190 1220 2214 me
1241 2184 1298 2214 est
1319 2176 1617 2214 benevolentia.'

345 2294 362 2320 4
388 2282 507 2312 sedulo
527 2282 611 2312 Crat.
629 2293 636 2312 τ
660 2281 794 2312 scevola
812 2280 902 2310 RMs
1034 2281 1055 2310 6
1078 2280 1203 2319 Aprilis
1225 2279 1413 2310 Beneventi
1434 2289 1626 2309 mansurum

301 2338 329 2356 a.
346 2328 375 2357 d.
392 2336 439 2355 vn
461 2326 546 2356 Crat.
566 2325 594 2354 L
616 2328 759 2365 (marg.N
778 2325 919 2354 Rosius:
954 2335 1016 2353 om.
1036 2324 1135 2360 codd„
1154 2325 1249 2354 eliam
1272 2323 1408 2362 Capuae
1433 2333 1461 2353 a.
1479 2323 1509 2353 d.
1527 2332 1562 2352 vr
1587 2323 1627 2352 ab

302 2369 353 2399 M¹
373 2371 494 2399 omisso
637 2380 671 2407 14
699 2374 856 2407 expectat
885 2367 1059 2397 EO'2M252
1096 2372 1242 2406 expecto
1271 2365 1432 2396 CO¹RM¹
1588 2376 1624 2405 17

299 2423 434 2444 CAESAR
455 2437 460 2443 .
479 2437 485 2443 .
505 2437 511 2443 .
528 2413 578 2442 sui
608 2413 640 2449 (J.
656 2413 714 2450 243
741 2413 774 2441 in
796 2412 986 2441 Petram-liae
1016 2410 1110 2440 ‘Vita
1130 2408 1295 2440 Caesam's'
1320 2420 1362 2441 lc,
1389 2410 1450 2440 xxi
1583 2420 1622 2439 21

301 2458 423 2496 gaudio
444 2456 560 2486 Lamb.
577 2468 584 2487 ε
609 2457 739 2494 gaudeo
758 2449 871 2485 M¹Z¹b
889 2467 895 2485 z
920 2459 953 2484 ct
971 2455 1100 2493 gaudeo
1118 2454 1290 2484 Fen-archa
1307 2452 1479 2483 EORM2s
1572 2453 1624 2491 26,

299 2512 338 2540 27
366 2501 462 2531 Hanc
480 2501 565 2530 adeo
583 2523 589 2530 .
609 2522 616 2530 .
636 2525 640 2530 .
660 2499 799 2539 poterit]
823 2509 882 2528 nec
901 2499 976 2528 ideo
994 2522 1000 2528 .
1020 2522 1026 2529 .
1045 2522 1050 2528 .
1070 2502 1200 2537 poterat
1218 2497 1357 2537 llladvzg
