1827 2798
196 143 266 179 XI.
291 141 368 178 xxi
678 140 735 176 M.
766 137 936 175 TVLLI
967 136 1273 175 CICERONIS

266 262 291 300 3
365 253 486 301 Quod
508 264 571 288 me
599 262 738 287 mones
764 256 808 286 ut
827 261 874 286 ea
893 261 994 297 quae
1020 261 1133 297 agam
1159 249 1210 286 ad
1237 256 1392 299 tempus
1415 263 1638 288 accommo-

309 318 411 363 dem,
436 317 615 361 facerem,
639 314 671 351 si
697 326 757 350 res
784 319 980 363 pateretur
1003 320 1041 350 et
1068 312 1099 350 si
1126 313 1207 350 ullo
1234 315 1356 351 modo
1382 314 1464 352 fieri
1491 323 1633 364 posset.

310 382 387 417 Sed
422 379 462 416 in
492 379 611 416 tantis
639 377 782 415 nostris
811 376 982 427 peccatis
1012 376 1210 426 tantisque
1236 385 1459 416 nostrorum
1488 378 1636 415 iniuriis

307 445 405 484 nihil
426 453 483 483 est
504 445 614 494 quod
633 451 701 482 aut
721 445 848 482 facere
863 443 1028 493 dignum
1048 443 1164 481 nobis
1184 451 1252 482 aut
1272 443 1454 482 simulare
1474 443 1633 494 possim.

308 513 467 549 Sullana
487 511 642 548 confers
658 524 668 557 3
696 509 736 547 in
753 509 896 559 quibus
912 509 1046 547 omnia
1065 522 1206 559 genere
1227 509 1313 559 ipso
1329 509 1636 560 praeclarissima
1657 524 1674 554 5

307 577 477 621 fuerunt,
497 574 768 614 moderatione
787 575 907 624 paulo
927 573 1057 611 minus
1078 581 1303 624 temperata.
1364 576 1478 612 Haec
1504 582 1637 612 autem

307 640 390 678 eius
430 640 539 678 modi
577 647 668 677 sunt
700 647 742 677 ut
775 638 983 678 obliviscar
1014 640 1090 677 mei
1117 641 1321 689 multoque
1354 639 1488 677 malim
1528 640 1637 688 quod

307 705 493 743 omnibus
527 704 576 742 sit
604 704 745 742 melius
771 717 889 752 quam
919 717 1087 753 quorum
1118 703 1325 741 utilitatem
1356 717 1485 741 meam
1516 703 1633 741 iunxi.

307 772 369 807 Tu
403 771 454 808 ad
486 783 549 807 me
581 777 716 807 tamen
749 768 867 807 velim
900 782 1019 819 quarn
1058 768 1285 818 saepissime
1324 769 1469 807 scribas
1508 782 1636 818 eoque

307 835 428 884 magis
449 836 558 884 quod
578 842 779 885 praeterea
800 847 920 873 nemo
941 833 1073 871 scribit
1092 847 1149 879 ac,
1173 833 1204 870 si
1225 847 1376 880 omnes,
1396 841 1482 871 tuas
1502 841 1635 872 tamen
1657 848 1697 870 10

307 900 475 938 maxime
504 908 781 950 exspectarem.
842 899 963 947 Quod
991 898 1128 936 scribis
1157 897 1267 936 illum
1296 912 1364 948 per
1394 912 1456 936 me
1484 897 1636 946 Quinto

307 967 388 1003 sore
409 965 674 1015 placatiorem‚
697 962 833 1014 scripsi
853 964 904 1001 ad
926 971 963 1001 te
983 971 1099 1001 antea
1119 976 1210 1001 eum
1231 963 1361 1001 statim
1384 963 1536 1011 Quinto
1556 961 1636 1002 filio

307 1030 441 1068 onmia
461 1029 655 1077 tribuisse,
677 1027 801 1067 nostri
820 1029 970 1066 nullam
990 1027 1244 1066 mentionem.
1304 1029 1413 1066 Vale.

351 1192 486 1227 XXII
534 1195 603 1226 Ser.
621 1194 786 1226 Brundisi
801 1196 868 1226 circ.
889 1195 931 1226 K.
953 1195 1052 1236 Sept„
1074 1199 1109 1225 ut
1124 1195 1258 1235 videtur,
1278 1205 1308 1227 a.
1329 1204 1387 1234 707
1405 1194 1493 1236 (47).

720 1282 895 1314 CICERO
926 1281 1098 1313 ATTICO
1132 1282 1229 1313 SAL.
1659 1292 1695 1323 15

270 1382 286 1409 1
361 1368 579 1418 Diligenter
620 1366 717 1405 mihi
756 1366 986 1404 fasciculum
1031 1365 1203 1404 reddidit
1242 1364 1357 1403 Balbi
1398 1364 1633 1404 tabellarius.

305 1433 455 1483 Accepi
480 1433 586 1471 enim
612 1446 635 1470 a
662 1440 700 1470 te
726 1431 871 1469 litteras
900 1430 1043 1480 quibus
1068 1430 1209 1468 videris
1230 1429 1352 1468 vereri
1378 1437 1421 1468 ut
1449 1429 1635 1480 epistulas

305 1498 388 1536 illas
427 1497 657 1549 acceperim.
736 1499 846 1546 Quas
888 1496 1051 1546 quidem
1089 1497 1231 1533 vellem
1275 1494 1372 1533 mihi
1416 1509 1634 1545 numquam

304 1564 502 1613 redditas;
538 1571 730 1602 auxerunt
758 1563 865 1601 enim
895 1562 991 1600 mihi
1020 1563 1198 1600 dolorem
1228 1575 1299 1608 nec,
1332 1561 1364 1600 si
1393 1561 1433 1599 in
1462 1562 1633 1611 aliquem

304 1630 545 1676 incidissent,
580 1629 793 1679 quicquam
832 1627 925 1665 novi
962 1626 1193 1665 attulissent.
1265 1626 1374 1675 Quid
1408 1626 1514 1665 enim
1553 1634 1632 1665 tarn
1656 1641 1695 1663 20

304 1698 575 1747 pervulgatum
595 1708 714 1744 quam
742 1693 843 1731 illius
864 1693 903 1731 in
925 1706 988 1731 me
1014 1693 1151 1730 odium
1172 1700 1211 1730 et
1239 1706 1362 1742 genus
1389 1693 1466 1730 hoc
1496 1692 1635 1730 littera—

304 1764 420 1801 rum?
463 1762 572 1811 quod
610 1775 660 1798 ne
695 1762 840 1799 Caesar
871 1759 1032 1808 quidem
1066 1760 1117 1796 ad
1152 1758 1247 1796 istos
1278 1758 1431 1796 videtur
1470 1757 1631 1803 misisse,

305 1827 417 1878 quasi
455 1827 522 1877 qui
561 1826 662 1863 illius
701 1824 952 1874 improbitate
987 1825 1260 1871 offenderetur,
1294 1824 1374 1870 sed,
1411 1824 1541 1870 credo,
1578 1823 1633 1861 uti

305 1893 458 1932 notiora
478 1900 609 1930 nostra
634 1892 736 1928 mala
762 1898 902 1928 essent.
963 1891 1067 1927 Nam
1093 1890 1201 1939 quod
1222 1896 1259 1927 te
1279 1888 1400 1927 vereri
1419 1888 1563 1927 scribis
1583 1903 1633 1927 ne

304 1958 359 1997 illi
390 1957 522 1996 obsint
553 1957 667 2006 eique
698 1955 753 1994 rei
784 1969 840 1993 me
869 1956 927 1993 vis
957 1954 1119 2003 mederi,
1149 1968 1200 1993 ne
1233 1954 1357 2004 rogari
1391 1954 1552 2004 quidem
1591 1968 1632 1993 se
1654 1970 1691 2001 ²5

352 2074 365 2093 1
392 2074 432 2093 ea
456 2061 556 2102 quae]
585 2072 636 2091 rne
662 2072 801 2099 meaque
824 2061 912 2090 Koclz
1026 2070 1122 2099 agam
1151 2059 1228 2089 add.
1254 2059 1375 2088 Klotz:
1409 2058 1526 2097 loquar
1555 2058 1630 2089 add.

310 2107 519 2146 Wesenbefg:
547 2108 621 2145 post
636 2116 676 2135 ca
693 2104 768 2135 add.
789 2105 920 2135 videam
937 2103 976 2135 I:
1007 2107 1082 2144 post
1099 2108 1234 2142 tempus
1251 2102 1325 2133 add.
1346 2103 1633 2133 accommodanda

304 2153 371 2182 sint
388 2150 563 2180 Lehmann
580 2149 648 2179 coll.
666 2149 683 2178 i>
706 2159 753 2187 17.
775 2159 822 2185 ιο,
841 2149 936 2178 Fam.
956 2149 998 2178 ix.
1013 2159 1043 2186 9.
1058 2157 1087 2185 3,
1109 2147 1175 2176 alia
1300 2157 1315 2184 7
1342 2147 1407 2176 mei
1427 2146 1540 2176 Illam:
1564 2157 1630 2177 om.

305 2193 395 2225 MW
529 2196 549 2223 8
573 2203 670 2232 quam
695 2203 837 2231 quorum
864 2192 999 2222 utilitati
1022 2201 1130 2220 meam
1155 2190 1248 2220 iunxi
1274 2189 1421 2229 Madmgr,
1440 2194 1467 2219 ct
1482 2190 1527 2218 sic
1542 2190 1628 2228 vulg.

305 2238 471 2278 m'st'quod
483 2248 581 2277 quam
596 2237 731 2267 onu'ltt'l:
758 2246 898 2275 quorum
918 2236 1095 2265 utilitatem
1115 2244 1223 2264 meam
1244 2244 1329 2263 (earn
1347 2232 1405 2274 W)
1418 2233 1509 2263 iunxi
1524 2233 1629 2263 codd:

304 2293 402 2321 quam
419 2282 507 2321 quod
527 2282 576 2320 iis,
593 2281 634 2310 ad
651 2291 794 2318 quorum
816 2279 994 2309 utilitatem
1016 2289 1068 2308 me
1089 2277 1223 2308 adiunxi
1248 2276 1371 2306 Mt’iller
1506 2286 1544 2315 19
1570 2287 1631 2306 nec

303 2325 379 2356 add.
397 2326 490 2355 Man.
628 2334 668 2353 22
693 2324 800 2363 quod]
818 2333 902 2361 quas
919 2322 1047 2361 Kayser
1149 2331 1190 2350 ne
1211 2320 1325 2351 ORP:
1352 2330 1413 2350 nec
1431 2324 1458 2349 Δ
1591 2331 1632 2358 23

303 2369 398 2408 quasi
418 2369 474 2407 qui
495 2368 632 2398 Miiller:
671 2368 765 2406 quasi
788 2377 854 2405 quo
876 2365 985 2396 codd:
1022 2376 1089 2404 quo
1106 2364 1239 2394 Ernesti
1366 2373 1406 2402 25
1431 2373 1483 2393 me
1501 2363 1550 2394 vis
1570 2364 1635 2404 gvcl

304 2414 415 2453 iubes)
435 2411 510 2443 add.
528 2411 668 2450 Madvig
684 2411 747 2440 coll.
763 2420 813 2440 21.
829 2409 1032 2449 3fin.:f0rt.
1054 2408 1181 2438 mederi
1200 2418 1251 2438 me
1270 2407 1394 2438 debere
