1827 2798
184 160 303 198 XIII.
326 160 405 198 xlv
702 160 759 197 M.
790 158 960 196 TVLLI
991 157 1299 197 CICERONIS

335 280 487 323 praeter
502 270 661 322 praedia
677 270 804 320 primo
820 283 982 320 quoque
994 277 1171 320 tempore
1187 269 1269 308 fieri
1285 277 1475 320 oportere.
1513 268 1667 309 Scribas

335 339 385 376 ad
419 350 481 374 me
510 335 626 374 velim
657 335 753 385 quid
788 335 859 374 tibi
894 337 1057 385 placeat.
1118 335 1316 385 Equidem
1345 335 1377 373 si
1407 349 1453 373 ex
1481 334 1667 373 omnibus

335 409 437 440 esset
471 401 711 450 eligendum,
746 414 820 438 nec
854 400 1142 450 diligentiorem
1177 414 1250 439 nec
1281 400 1554 438 officiosiorem
1594 413 1668 438 nec

335 479 398 504 me
428 467 587 504 hercule
616 465 739 504 nostri
769 465 1046 504 studiosiorem
1073 465 1186 504 facile
1213 464 1445 515 delegissem
1471 465 1666 512 Vestorio,

332 533 383 570 ad
405 545 523 581 quern
551 530 864 569 accuratissimas
891 530 1037 568 litteras
1062 530 1179 577 dedi;
1209 531 1318 580 quod
1339 530 1445 568 idem
1472 538 1510 568 te
1530 529 1668 569 fecisse

332 596 507 635 arbitror.
569 595 671 634 Mihi
700 595 862 644 quidem
891 597 967 633 hoc
997 595 1089 633 satis
1110 595 1273 633 videtur.
1332 597 1395 633 Tu
1416 594 1511 644 quid
1539 594 1669 633 dicis?

333 663 468 699 Vnum
497 660 603 699 enim
634 660 771 710 pungit
802 674 851 698 ne
881 659 1190 710 neglegentiores
1218 673 1304 698 esse
1323 659 1536 698 videamur.
1596 661 1669 698 Ex-

335 726 524 777 spectabo
545 725 660 775 igitur
680 732 766 763 tuas
787 724 944 763 litteras.

378 870 527 906 XLVI
617 872 686 904 Ser.
708 873 740 903 in
763 872 949 904 Tusculano
959 873 1045 914 prid.
1065 872 1114 905 Id.
1133 872 1218 904 Sext.
1240 883 1269 904 a.
1290 883 1348 914 709
1367 872 1448 915 (45).

747 960 923 993 CICERO
945 961 1126 992 ATTICO
1150 960 1255 992 SAL.

303 1065 319 1090 1
393 1052 528 1089 Pollex
566 1049 740 1100 quidem,
781 1057 823 1088 ut
862 1049 1010 1089 dixerat
1048 1051 1099 1089 ad
1139 1051 1235 1088 Idus
1275 1049 1439 1097 Sextilis,
1481 1049 1534 1088 ita
1572 1049 1669 1088 mihi

339 1115 490 1154 Lanuvi
511 1114 636 1165 pridie
659 1116 755 1153 Idus
775 1123 931 1165 praesto
952 1115 1034 1162 fuit,
1053 1117 1122 1153 sed
1143 1117 1259 1165 plane
1279 1117 1422 1165 pollex,
1436 1128 1516 1153 non
1538 1114 1666 1154 index.

295 1190 320 1216 2
339 1183 567 1231 Cognosces
597 1180 712 1230 igitur
740 1194 786 1218 ex
817 1180 914 1230 ipso.
975 1181 1143 1218 Balbum
1178 1180 1529 1230 conveni—Lepta
1563 1180 1669 1219 enim

338 1248 388 1286 de
410 1260 479 1285 sua
500 1259 707 1284 munerum
729 1246 931 1285 curatione
956 1246 1137 1284 laborans
1164 1260 1226 1284 me
1252 1247 1302 1284 ad
1324 1260 1414 1284 eum
1437 1248 1669 1296 perduxerat

338 1311 431 1349 -in
452 1324 500 1349 eo
520 1318 653 1349 autern
676 1310 884 1348 Lanuvino
909 1312 1017 1360 quod
1039 1310 1193 1360 Lepido
1214 1310 1383 1349 tradidit.
1445 1313 1503 1349 Ex
1524 1324 1571 1349 eo
1592 1312 1669 1350 hoc
1715 1325 1726 1331 ·

338 1376 518 1426 primum,
563 1376 712 1413 ‘Paulo
754 1382 846 1413 ante
886 1388 1114 1424 acceperam
1159 1388 1223 1413 eas
1262 1375 1407 1413 litteras
1447 1375 1486 1413 in
1526 1375 1669 1425 quibus

338 1454 482 1491 magno
503 1454 620 1490 opere
641 1441 848 1478 confirmat
872 1447 963 1478 ante
984 1441 1098 1478 ludos
1127 1441 1356 1478 Romanos?
1414 1440 1508 1491 Legi
1529 1441 1671 1491 epistu-

337 1507 426 1544 lam.
488 1507 617 1543 Multa
651 1506 701 1543 de
736 1518 826 1542 meo
860 1506 1025 1551 Catone,
1060 1518 1140 1554 quo
1171 1504 1398 1554 saepissime
1428 1507 1597 1555 legendo
1628 1519 1670 1544 se

337 1570 432 1609 dicit
460 1569 719 1620 copiosiorem
749 1570 907 1615 factum,
932 1568 1041 1607 Bruti
1063 1570 1216 1608 Catone
1243 1570 1345 1608 lecto
1375 1583 1416 1608 se
1443 1570 1517 1608 sibi
1541 1570 1668 1609 visum

294 1645 317 1682 3
337 1635 537 1674 disertum.
583 1637 681 1673 Tum
698 1648 744 1672 ex
765 1647 813 1672 eo
829 1633 995 1684 cognovi
1016 1633 1231 1672 cretionem
1249 1634 1364 1674 Cluvi
1386 1635 1427 1686 (o
1442 1635 1667 1674 Vestorium

337 1702 610 1750 neglegentem
628 1702 652 1750 l)
682 1698 844 1737 liberam
862 1698 1074 1736 cretionem
1093 1698 1258 1737 testibus
1279 1700 1549 1749 praesentibus
1566 1714 1670 1739 sexa-

335 1766 443 1816 ginta
463 1766 614 1804 diebus.
675 1765 907 1803 Metuebam
933 1778 983 1802 ne
1004 1765 1068 1802 ille
1092 1766 1349 1803 arcessendus
1378 1773 1489 1803 esset.
1551 1767 1669 1804 Nunc

337 1831 574 1869 mittendum
605 1838 663 1869 est
693 1837 735 1868 ut
766 1843 855 1868 meo
885 1829 992 1867 iussu
1023 1838 1166 1867 cernat.
1228 1831 1342 1868 Idem
1375 1830 1489 1880 igitur
1522 1833 1666 1869 Pollex.

338 1896 467 1935 Etiam
498 1897 548 1935 de
577 1895 699 1934 hortis
721 1895 923 1935 Cluvianis
954 1895 1014 1945 egi
1045 1909 1134 1933 cum
1167 1897 1304 1934 Balbo.
1365 1896 1431 1934 Nil
1458 1896 1665 1934 liberalius.

335 1964 385 2001 Se
419 1961 524 2000 enim
557 1961 686 1999 statim
718 1963 769 2000 ad
800 1962 1009 2000 Caesarem
1042 1960 1290 2010 scripturum,
1321 1961 1506 2000 Cluvium
1534 1969 1666 2000 autem
1713 1978 1724 1984 ·

333 2039 356 2064 a
387 2028 433 2064 T.
467 2025 703 2065 Hordeonio
731 2027 860 2076 legare
890 2034 928 2064 et
957 2025 1166 2064 Terentiae
1198 2028 1268 2064 HS
1300 2038 1390 2064 1333
1420 2034 1458 2065 et
1488 2028 1668 2076 sepulcro

381 2141 394 2161 1
422 2130 559 2170 praedia
586 2130 701 2160 ORP:
730 2130 871 2170 prandia
890 2134 916 2160 Δ
1072 2140 1104 2192 (3),
1123 2141 1141 2169 4
1157 2134 1360 2170 postremum
1378 2141 1440 2161 nec
1457 2155 1464 2161 .
1484 2154 1492 2162 .
1514 2155 1520 2162 .
1541 2131 1667 2161 studio-

334 2175 455 2205 siorem
476 2174 574 2214 Crat,
594 2175 733 2213 itemque
749 2185 778 2205 v.
792 2185 814 2205 c.
840 2175 864 2204 L
883 2172 1030 2213 (mmgst
1051 2174 1080 2203 Z
1114 2173 1183 2210 tsed
1202 2174 1238 2203 ln‘
1257 2175 1413 2204 omittunt
1432 2174 1643 2214 mehercule)
1660 2186 1667 2206 :

334 2228 398 2248 om.
424 2221 477 2248 ΣΔ
597 2228 631 2248 11
659 2219 700 2248 ad
722 2218 768 2248 Id.
791 2218 883 2248 Sext.
903 2217 962 2247 del.
981 2217 1106 2247 Sclzzssitz
1226 2227 1262 2255 14
1289 2228 1465 2248 munerum
1487 2220 1540 2252 (ex
1556 2220 1665 2257 mun.)

334 2262 508 2291 curatione
526 2260 679 2292 Sclnnidt
695 2262 760 2293 coll.
786 2262 882 2292 Fam.
901 2262 943 2292 vi.
967 2271 1015 2299 19.
1036 2271 1077 2290 2:
1114 2261 1182 2291 viin
1206 2262 1379 2291 curatione
1399 2261 1454 2292 M:
1481 2261 1549 2292 vini
1573 2272 1667 2292 cura-

333 2305 425 2334 tione
443 2315 470 2335 v.
487 2316 508 2335 c.
529 2304 651 2344 Ivnlg.
671 2316 678 2335 ι
704 2305 896 2343 liguritione
917 2304 1102 2334 Gronovius
1118 2305 1187 2335 coll.
1209 2305 1305 2335 Fam.
1328 2306 1372 2335 xi.
1394 2314 1445 2336 21.
1464 2314 1483 2343 5
1627 2315 1664 2345 17

333 2352 407 2377 ante
424 2349 597 2378 confirmat
616 2348 690 2377 add.
713 2359 749 2378 se
767 2352 790 2379 Σ
810 2349 893 2378 Crat.
1070 2349 1108 2377 18
1133 2359 1198 2387 quo
1216 2359 1244 2379 v.
1261 2359 1285 2379 c.
1300 2347 1328 2377 L
1344 2350 1484 2389 (margi
1504 2342 1552 2376 Zb
1568 2360 1573 2378 z
1600 2359 1665 2386 que

334 2390 389 2423 M:
416 2402 516 2430 quem
535 2392 715 2421 Asce'nsins
862 2403 903 2421 20
928 2392 1012 2421 Tum
1030 2391 1107 2422 add.
1133 2391 1291 2422 Graevius
1436 2402 1488 2431 20,
1510 2402 1547 2421 21
1569 2392 1663 2422 Cluvi

333 2459 340 2466 .
363 2459 394 2466 ..
416 2435 599 2465 cretionem
627 2435 714 2465 Crat.
744 2429 810 2465 Zb:
850 2446 905 2464 om
937 2438 992 2466 ΣΔ
1162 2445 1202 2473 24
1232 2435 1287 2465 Nil
1313 2435 1484 2467 liberalius
1516 2434 1635 2466 Lmnb.
1657 2447 1665 2466 z

335 2478 531 2510 illiberalius
548 2478 690 2509 CORP:
718 2478 889 2509 liberalius
908 2477 950 2508 M
