1827 2798
601 141 712 177 EPP.
745 139 821 176 AD
852 138 1110 177 ATTICVM
1335 138 1444 174 XVI.
1470 136 1593 174 xiiia
1615 135 1676 187 (b)

238 266 353 302 XIII
370 281 389 302 a
409 270 459 311 (b)
508 269 577 302 Ser.
595 271 628 301 in
641 271 673 300 A
679 270 802 311 »pinati
813 271 850 302 iii
863 270 911 301 Id.
927 271 1008 301 Noa.
1029 280 1060 302 a.
1080 278 1140 311 710
1160 271 1244 310 (44).

601 358 770 389 CICERO
800 357 981 388 ATTICO
1007 357 1115 388 SAL.

253 448 268 466 '⁵
303 446 320 465 *
355 446 373 466 *
405 455 442 485 et
473 447 644 497 quidem,
669 456 710 486 ut
738 461 760 486 a
789 462 850 486 me
877 447 1113 486 dimitterem
1143 446 1397 485 invitissimus
1427 447 1524 484 fece·
1544 455 1562 483 1

196 520 282 550 runt
316 512 445 551 Erotis
483 512 642 550 litterae.
705 515 805 551 Rern
846 513 915 550 tibi
954 512 1049 550 Tiro
1087 512 1267 550 narrabit.
1327 514 1389 549 Tu
1428 511 1524 561 quid

157 585 172 614 5
195 577 418 614 faciendum
454 577 501 615 sit
535 577 696 615 videbis.
759 580 962 616 Praeterea
994 577 1194 627 possimne
1225 577 1384 627 propius·
1418 590 1526 614 acce-

139 917 177 937 10

138 1704 176 1725 20

195 643 287 679 dere
318 642 439 692 (malo
469 641 573 679 enim
602 656 687 680 esse
717 641 756 679 in
786 644 1013 680 Tusculano
1042 650 1109 680 aut
1139 642 1290 691 uspiam
1321 642 1359 680 in
1392 642 1525 679 subur-

198 706 317 757 bano)
351 720 401 744 an
432 706 546 744 etiam
579 707 731 756 longius
762 707 1046 745 discedendum
1076 716 1188 757 putes
1218 707 1354 745 crebro
1382 708 1433 744 ad
1461 720 1524 745 me

196 770 310 808 velim
328 771 483 809 scribas.
545 771 627 809 Erit
647 779 779 809 autem
800 771 944 809 cotidie
965 771 1027 808 cui
1048 773 1128 809 des.
1189 772 1309 820 Quod
1327 780 1524 821 praetcrea
1542 782 1566 807 2
1606 778 1608 781 “

196 835 377 882 consulis,
413 835 509 885 quid
543 835 612 873 tibi
652 848 834 873 censeam
874 835 1102 873 faciundum
1142 836 1298 874 difficile
1337 844 1394 874 est
1433 850 1522 873 curn

195 900 333 938 absim.
392 902 540 939 Verum
563 908 693 939 tamen
715 900 746 938 si
767 914 877 951 pares
897 914 1023 950 aeque
1039 900 1137 939 inter
1158 915 1209 947 se,
1226 901 1521 950 quiescenduin,

197 965 267 1010 sin,
290 965 403 1003 latius
426 965 600 1004 manabit
621 974 658 1004 et
679 965 839 1015 quidem
859 966 911 1003 ad
931 978 1029 1013 nos;
1057 965 1203 1004 deinde
1224 965 1495 1004 communiter.

240 1114 356 1149 XIII
374 1120 397 1147 b
417 1116 467 1157 (c)
510 1115 582 1149 Ser.
601 1118 633 1147 1'11
650 1117 919 1157 .-4rp1'natiin'ld.
938 1117 1020 1148 Nov.
1041 1127 1071 1148 a.
1093 1127 1150 1156 710
1169 1117 1255 1158 (44).

607 1206 781 1237 CICERO
813 1206 984 1237 ATTICO
1018 1206 1114 1237 SAL.

250 1294 379 1332 Avide
405 1301 516 1332 tuum
543 1294 751 1332 consilium
780 1303 974 1345 exspecto.
1035 1295 1177 1333 Timeo
1206 1309 1256 1333 ne
1282 1294 1408 1333 absim
1435 1308 1526 1333 cum
1548 1307 1564 1333 1

196 1360 335 1397 adesse
368 1372 432 1397 me
466 1358 514 1397 sit
544 1359 747 1398 honestius
765 1375 774 1407 3
814 1367 959 1398 temere
988 1360 1119 1398 venire
1149 1374 1231 1398 non
1264 1361 1404 1399 audeo.
1465 1363 1527 1399 De

196 1426 345 1464 Antoni
375 1425 578 1464 itineribus
608 1426 741 1464 nescio
773 1425 868 1476 quid
901 1426 1009 1464 aliter
1042 1426 1161 1464 audio
1190 1434 1308 1475 atque
1338 1434 1380 1464 ut
1408 1427 1459 1464 ad
1489 1434 1527 1465 te

196 1491 425 1529 scribebam.
488 1490 633 1530 Omnia
664 1490 779 1541 igitur
812 1490 927 1529 velim
963 1490 1132 1541 explices
1170 1499 1208 1529 et
1238 1492 1288 1529 ad
1323 1504 1388 1529 me
1421 1499 1526 1530 certa

196 1556 336 1594 mittas

251 1623 312 1660 De
339 1621 489 1671 reliquo
509 1621 605 1671 quid
626 1621 696 1659 tibi
723 1635 796 1671 ego
820 1621 982 1660 dicam?
1024 1622 1157 1659 Ardeo
1183 1621 1314 1659 studio
1341 1621 1524 1660 historiae
1544 1632 1569 1660 2

196 1687 493 1738 (incredibiliter
533 1687 638 1725 enim
679 1701 740 1725 me
779 1696 1003 1725 commovet
1045 1695 1111 1725 tua
1149 1686 1385 1738 cohortatio)
1425 1700 1526 1736 quae

194 1752 356 1802 quidem
384 1765 457 1790 nec
484 1752 633 1790 institui
660 1766 733 1791 nec
761 1751 860 1790 effici
887 1759 1015 1802 potest
1040 1751 1122 1789 sine
1147 1759 1213 1789 tua
1237 1765 1322 1801 ope.
1382 1752 1526 1790 Coram

195 1817 309 1866 igitur
339 1816 415 1855 hoc
447 1817 608 1866 quidem
640 1818 896 1855 conferemus.
963 1818 1009 1854 In
1040 1816 1259 1866 praesentia
1288 1815 1383 1853 mihi
1410 1816 1526 1854 velim

195 1882 340 1920 scribas
377 1877 520 1932 quibus
559 1882 787 1921 consulibus
828 1883 871 1921 C.
906 1881 1079 1919 Fannius
1112 1883 1167 1919 M.
1200 1883 1222 1918 f.
1256 1881 1434 1919 tribunus
1472 1882 1522 1931 pl.

197 1947 319 1985 fuerit.
380 1947 529 1985 Videor
575 1947 669 1985 mihi
718 1947 874 1985 audisse
926 1949 965 1984 P.
1007 1946 1194 1984 Africano
1241 1947 1284 1983 L.
1327 1945 1525 1984 Mummio

139 2028 174 2049 2·
197 2012 436 2050 censoribus.
497 2013 544 2050 Id
571 2012 685 2062 igitur
708 2026 864 2062 quaero.
924 2013 986 2049 Tu
1014 2011 1109 2048 mihi
1133 2013 1183 2049 de
1210 2010 1255 2048 iis
1281 2010 1397 2048 rebus
1423 2023 1525 2060 quae

198 2085 391 2116 novantur
412 2078 545 2116 omnia
565 2086 677 2123 certa,
701 2079 813 2115 clara.
875 2090 919 2114 111
944 2078 1039 2115 Idus
1060 2090 1106 2114 ex
1126 2074 1315 2125 Arpinati.

244 2193 254 2212 1
283 2182 357 2212 hinc
379 2192 499 2212 novam
522 2187 566 2222 ep.
588 2182 697 2221 incipt't
715 2181 868 2211 Tunstall
984 2191 1002 2219 3
1028 2181 1104 2210 haec
1124 2180 1173 2209 vel
1187 2179 1307 2208 similia
1323 2178 1441 2209 addere
1456 2179 1527 2208 vult

196 2224 327 2263 sclam,
351 2225 495 2255 Tantum
518 2226 607 2264 quod
634 2226 665 2254 in
690 2225 840 2261 Arpinas
863 2234 1021 2254 veneram
1047 2224 1161 2253 Tironi
1185 2222 1246 2252 has
1268 2223 1311 2252 ad
1336 2226 1369 2251 tc:
1392 2222 1525 2252 litteras

196 2269 297 2299 dedi:
332 2269 381 2299 nil
409 2269 474 2299 nisi
497 2268 656 2299 Tironem
682 2267 758 2298 add.
787 2267 954 2298 Corradus
979 2267 1037 2298 del.
1057 2272 1099 2305 et,
1123 2277 1199 2297 curn
1218 2266 1298 2305 ficri
1311 2265 1416 2305 possit
1438 2268 1477 2295 ut
1490 2270 1526 2296 et

196 2315 384 2352 corruptum
400 2313 442 2342 sit
457 2323 496 2342 cx
506 2312 542 2342 T.
562 2311 788 2353 (sc-,Tironem
884 2321 921 2341 12
944 2312 1021 2341 hinc
1036 2320 1158 2341 novam
1175 2314 1220 2348 ep.
1242 2308 1399 2348 incipiunt
1410 2308 1526 2338 codices

195 2355 277 2385 Bosz‘
289 2360 317 2386 et
334 2356 362 2386 C
523 2365 560 2394 15
586 2359 712 2385 temere
730 2349 802 2386 th:
829 2355 948 2385 timere
972 2354 1048 2385 M¹z
1074 2353 1134 2385 del.
1156 2352 1212 2383 M²
1380 2361 1420 2390 23
1445 2362 1524 2382 con—

194 2399 337 2436 sulibus]
357 2409 424 2430 cos.
445 2398 507 2429 M:
533 2399 731 2429 censoribus
749 2397 916 2429 Corradus
931 2396 959 2427 L
979 2397 1120 2439 (marg.)
1262 2404 1302 2435 25
1326 2395 1523 2427 censoribus

194 2453 224 2473 v.
240 2454 262 2474 c.
283 2437 338 2474 ΖΜ
355 2442 464 2475 Crat.:
489 2453 554 2474 om.
577 2446 631 2473 ΣΔ
