1827 2798
192 163 266 205 lx.
286 161 362 198 xiii
665 162 721 198 M.
754 161 920 198 TVLLI
952 159 1258 199 CICERONIS

299 274 499 323 λάπισμα;
528 285 688 322 magnas
710 272 827 309 habet
849 279 952 309 certe
977 270 1109 320 copias
1135 278 1173 309 et
1197 271 1358 310 habebit
1380 285 1461 311 non
1488 273 1625 312 Italiae

300 338 462 387 vectigal
483 338 552 375 sed
573 336 716 375 civium
739 336 853 373 bona.
894 336 1012 373 Adde
1028 335 1309 373 confidentiam
1325 336 1506 385 hominis,
1522 339 1626 375 adde

301 401 608 440 imbecillitatem
643 400 838 437 bonorum
872 399 1041 436 virorum
1072 399 1138 449 qui
1168 400 1341 448 (guidem,
1373 403 1481 450 quod
1516 402 1625 440 illum

299 465 372 504 sibi
401 465 539 503 merito
565 464 705 502 iratum
731 471 883 513 putant,
904 465 1082 510 oderunt,
1106 471 1147 501 ut
1169 472 1209 501 tu
1231 464 1366 502 scribis
1388 467 1550 504 “dudum
1578 479 1626 505 CC

298 532 438 568 vellem
467 529 614 576 scribis,
637 529 818 578 quisnam
840 528 903 566 hic
924 528 1189 578 significasset.
1249 531 1326 567 Sed
1348 538 1386 568 et
1406 530 1488 578 iste,
1512 531 1626 581 quia⁴r

299 597 385 646 plus
415 596 639 634 ostenderat
669 608 787 644 quam
810 594 899 632 fecit
920 602 958 632 et
977 596 1094 643 vulgo
1118 594 1226 631 illum
1249 595 1314 644 qui
1336 604 1516 634 amarunt
1545 610 1626 635 non

297 669 456 708 amant3
485 660 699 710 municipia
730 673 821 698 vero
851 668 889 697 et
919 658 1050 696 rustici
1087 659 1259 697 Romani
1291 660 1399 698 illum
1433 669 1624 709 metuunt,

299 728 404 765 hunc
436 727 568 765 adhuc
602 725 779 775 diligunt.
841 726 931 772 Qua
958 738 997 762 rc
1024 723 1077 761 ita
1103 731 1259 773 paratus
1292 732 1350 763 est
1380 733 1432 773 ut,
1456 725 1574 764 etiam
1596 727 1627 765 si

299 791 452 829 vincere
473 803 553 828 non
578 789 712 839 possit,
735 803 815 839 quo
840 790 961 827 modo
992 796 1124 826 tamen
1151 788 1254 826 vinci
1285 788 1367 839 ipse
1397 790 1520 840 possit
1547 805 1627 831 non

297 856 463 895 videam.
524 858 609 906 Ego
637 863 770 893 autem
800 869 881 893 non
911 862 989 892 tam
1015 855 1187 907 γοητείαν
1212 854 1327 893 huius
1357 855 1478 894 timeo
1508 870 1626 906 quam

297 922 561 974 πειθανάγκην.
617 923 626 941 ‘
643 922 691 958 Αἱ
715 922 788 973 γὰρ
816 923 888 958 τῶν
916 921 1099 970 τυράννων
1125 920 1287 970 δεήσεις’
1318 919 1446 971 inquit
1467 923 1629 961 Πλάτων

302 990 309 1006 ‘
325 986 422 1026 οἷσθ’
442 987 498 1026 ὅτι
516 987 738 1038 μεμιγμέναι
757 987 954 1037 ἀνάγκαις.’

356 1053 428 1090 Illa
467 1053 623 1102 ἀλίμενα
660 1051 776 1089 video
815 1050 885 1088 tibi
924 1064 1004 1088 non
1043 1050 1208 1100 probari.
1289 1052 1403 1099 Quae
1443 1066 1492 1090 ne
1532 1053 1625 1091 mihi

300 1117 461 1167 quidem
488 1118 721 1168 placebant3
753 1117 822 1154 sed
852 1116 1048 1153 habebam
1080 1116 1118 1153 in
1149 1115 1223 1153 illis
1253 1124 1291 1154 et
1322 1118 1627 1156 occultationem

298 1190 336 1220 et
369 1184 574 1233 ὑπηρεσίαν
607 1182 775 1220 fidelem.
836 1183 949 1229 Quae
974 1180 1004 1218 si
1030 1180 1125 1217 mihi
1152 1181 1336 1218 Brundisi
1363 1190 1628 1232 suppeterent,

300 1249 481 1295 mallen13
516 1248 585 1286 sed
617 1245 670 1284 ibi
703 1245 915 1283 occultatio
947 1246 1053 1282 nulla
1085 1253 1154 1284 est.
1214 1247 1376 1293 Verum,
1407 1255 1447 1285 ut
1478 1248 1625 1296 scribis,

300 1327 390 1353 cum
411 1312 589 1351 sciemus.

353 1379 456 1417 Viris
478 1379 591 1417 bonis
612 1392 675 1416 me
703 1392 782 1416 non
811 1377 926 1415 nimis
948 1391 1102 1416 excuso.
1164 1379 1273 1426 Quas
1295 1377 1400 1416 enim
1423 1392 1489 1416 eos
1511 1392 1627 1417 cenas

299 1452 335 1482 et
357 1446 482 1482 facere
503 1451 541 1482 et
562 1443 670 1482 obire
691 1442 843 1492 scripsit
863 1444 913 1480 ad
942 1456 1004 1480 me
1026 1447 1175 1489 Sextus,
1200 1456 1319 1492 quam
1349 1445 1484 1490 lautas,
1508 1457 1627 1493 quam

300 1508 572 1559 tempestivas!
631 1508 708 1546 Sed
744 1507 820 1545 sint
855 1507 1033 1556 quamvis
1069 1507 1173 1554 boni,
1210 1521 1289 1545 non
1325 1515 1415 1546 sunt
1447 1508 1626 1547 meliores

299 1587 417 1623 quam
439 1587 521 1612 nos.
583 1574 790 1610 Moverent
816 1585 888 1618 me,
912 1571 942 1609 si
963 1580 1093 1610 essent
1114 1572 1301 1611 fortiores.
1336 1610 1339 1611 ⁷

356 1642 417 1678 De
440 1638 645 1676 Lanuvino
668 1639 864 1675 Phameae.
886 1637 1032 1684 erravi3
1077 1637 1293 1675 Troianum
1326 1636 1624 1676 somniaveram.

304 1706 350 1743 Id
388 1718 462 1754 ego
495 1703 599 1742 volui
636 1704 683 1751 Q.
719 1704 788 1740 sed
823 1702 943 1752 pluris
983 1710 1051 1741 est.
1124 1704 1232 1741 Istuc
1272 1710 1403 1741 tamen
1443 1717 1626 1753 cuperem

301 1784 441 1817 emere,
464 1769 494 1807 si
516 1771 634 1807 ullam
656 1782 765 1818 spem
789 1768 942 1806 frucndi
965 1768 1150 1806 viderem.

346 1886 359 1906 1
388 1874 504 1905 Italiac
522 1873 681 1914 Aladvzg:
707 1875 770 1904 alie
790 1873 842 1904 M¹
862 1886 868 1905 :
902 1873 958 1904 ille
977 1873 1055 1904 M²=
1089 1878 1123 1903 ut
1142 1873 1197 1903 ille
1216 1873 1355 1903 Rosius:
1382 1873 1527 1903 alienum
1547 1871 1632 1903 Reid

301 1930 317 1956 4
344 1920 458 1949 ludum
477 1918 546 1947 MZ
570 1922 656 1948 (teste
678 1917 910 1957 H'esenbm'gl'o]
942 1917 1058 1947 codices
1085 1916 1314 1957 Alalaspz'nae:
1348 1917 1472 1946 dudum
1505 1916 1628 1946 Orelli:

301 1964 443 1993 eundem
460 1962 488 1993 S
502 1961 611 1991 lnm'dt
796 1961 851 2001 cc]
879 1961 929 1991 Ac
946 1961 1034 2001 vulg.
1191 1971 1221 1998 4.
1240 1970 1259 1998 5
1284 1960 1333 1990 Ac
1352 1961 1472 1990 vellem
1491 1960 1627 1999 quinam

302 2007 332 2036 hi
358 2006 590 2045 significasses
609 2005 783 2036 Graevius:
820 2006 871 2035 Ac
894 2005 1011 2034 vellem
1039 2004 1233 2043 scripsisses
1257 2003 1409 2042 quisnam
1438 2004 1501 2033 hoc
1526 2004 1628 2042 signi-

303 2050 435 2079 ficasset
460 2049 566 2080 Boot:
605 2049 654 2079 Ac
683 2050 801 2079 vellem
827 2049 993 2087 quispiam
1023 2048 1085 2078 hoc
1113 2058 1166 2080 isc.
1187 2047 1300 2077 odium
1328 2058 1429 2077 smmi
1456 2046 1627 2086 Pompeio)

300 2093 525 2132 significasset
542 2094 620 2124 coni.
643 2092 832 2129 lls'esenhmsq
934 2102 952 2129 5
979 2092 1046 2121 Sed
1061 2096 1093 2121 et
1107 2091 1167 2120 iste
1180 2090 1237 2121 M:
1265 2090 1444 2120 seceditur
1458 2090 1627 2120 &suman

301 2137 405 2166 Sedet
424 2137 486 2166 iste
505 2138 558 2176 (sc.
575 2136 758 2169 Domitius]
777 2136 869 2165 Boot.
916 2134 1035 2164 Tolum
1053 2134 1158 2164 locum
1181 2135 1226 2163 ita
1248 2134 1373 2173 njfingit
1388 2134 1527 2173 Mndzvg
1543 2140 1577 2163 ut
1594 2138 1628 2163 tu

300 2180 418 2210 scribis
444 2181 508 2210 iud.
531 2181 599 2219 (Ae.
621 2180 751 2210 india-s)
777 2188 882 2209 CCCLX
907 2179 956 2208 bis
981 2179 1044 2207 iam
1070 2178 1122 2208 hic
1147 2177 1370 2216 significasse.
1425 2177 1492 2206 Sed
1518 2181 1550 2206 et
1575 2177 1628 2206 isti

300 2225 354 2259 (sc.
372 2223 504 2259 indices)
565 2222 748 2262 quialfoff.
767 2223 823 2261 qui
972 2223 992 2251 6
1013 2225 1086 2261 pos!
1102 2222 1180 2251 secit
1198 2220 1273 2252 add.
1292 2226 1422 2250 amatur
1439 2220 1629 2258 iwalaspina

304 2275 338 2304 ¹7
365 2267 509 2297 sciemus
535 2267 598 2301 (vel
619 2267 811 2305 scierimus)
831 2265 1018 2296 Corradus:
1049 2266 1172 2294 scimus
1191 2263 1232 2293 M
1371 2274 1412 2301 23
1437 2263 1467 2301 Q
1487 2263 1629 2292 Hosius:

300 2320 365 2347 que
384 2309 431 2347 M,
449 2310 486 2349 cf.
506 2309 584 2339 adn.
602 2309 649 2339 ad
662 2320 691 2347 9.
710 2320 728 2347 4
902 2319 956 2346 23,
973 2319 1013 2346 24
1040 2318 1197 2347 cuperem
1215 2318 1338 2343 emere,
1358 2307 1385 2336 si
1405 2306 1551 2335 Erue-fs:
1577 2315 1628 2334 me

302 2363 460 2391 cuperem
479 2363 531 2382 me
550 2363 624 2390 mey
637 2358 686 2383 cst
706 2351 759 2381 M>
787 2352 866 2382 mihi
885 2361 1043 2391 cuperem
1061 2361 1202 2390 emeres,
1219 2351 1245 2381 si
1267 2350 1451 2390 Orcllt'posl
1465 2348 1558 2379 Man.
1575 2347 1631 2378 secl

300 2396 326 2426 is
344 2396 422 2426 mihi
440 2406 504 2426 non
521 2396 614 2426 habet

1650 869 1687 895 10

1648 1525 1687 1545 20
