1827 2798
590 128 703 166 EPP.
734 129 812 165 AD
843 126 1103 166 ATTICVM
1399 126 1511 164 XVI.
1533 125 1579 162 iii

181 240 223 278 in
249 238 503 278 attributione
523 240 619 277 mihi
646 239 807 277 nomina
834 239 977 288 ignota,
1000 238 1223 285 conturbor,
1247 251 1321 276 nec
1349 251 1412 274 mc
1434 239 1512 275 ulla

180 318 240 343 res
279 304 400 354 magis
439 304 545 353 angit
585 318 631 343 ex
665 304 859 342 omnibus.
941 305 1080 353 Itaque
1118 317 1196 341 non
1243 303 1337 340 mihi
1377 302 1513 340 videor

179 382 325 407 errasse
356 370 465 418 quod
495 370 546 406 ad
580 369 748 406 Balbum
781 368 915 418 scripsi
945 368 1115 418 apertius
1144 376 1198 415 ut,
1231 368 1261 405 si
1301 367 1397 417 quid
1435 369 1512 405 tale

178 433 386 472 accidisset
415 441 458 471 ut
491 447 572 471 non
607 442 884 472 concurrerent
917 433 1089 480 nomina,
1112 433 1336 471 subveniret
1368 446 1511 482 meque

142 507 159 538 5
179 499 250 538 tibi
278 499 395 537 etiam
425 500 635 537 mandasse
665 507 717 545 ut,
748 499 778 536 si
809 499 905 548 quid
936 499 1018 537 eius
1043 499 1152 537 modi
1179 499 1396 545 accidisset,
1421 513 1509 536 cum

179 577 217 603 eo
251 563 574 602 communicares.
635 565 756 612 Quod
791 565 919 612 facies,
961 565 992 604 si
1031 565 1102 603 tibi
1140 565 1346 613 videbitur,
1383 579 1511 615 eoque

179 628 313 678 magis,
336 628 367 667 si
388 628 645 679 proficisceris
666 628 705 666 in
728 629 904 679 Epirum.

234 695 348 731 Haec
383 706 455 743 ego
487 695 761 731 conscendens
793 707 813 731 e
849 695 1093 745 Pompeiano
1131 695 1254 733 tribus
1287 694 1509 733 actuariolis
1530 700 1558 738 6

180 758 489 797 decemscalmis.
550 761 694 797 Brutus
715 768 795 797 erat
816 760 855 797 in
884 761 1033 799 Neside
1061 761 1177 799 etiam
1199 775 1316 807 nunc,
1340 760 1508 811 Neapoli

123 837 162 858 10
181 824 350 863 Cassius.
413 824 568 874 Ecquid
597 838 706 862 amas
737 825 967 863 Deiotarum
997 834 1035 864 et
1067 840 1147 865 non
1177 840 1285 864 amas
1316 826 1511 864 Hieram?

181 888 271 937 Qui,
295 897 337 927 ut
368 890 587 927 Blesamius
609 889 714 928 venit
740 891 791 928 ad
820 904 893 937 me,
916 904 1005 928 cum
1036 891 1071 929 ei
1100 891 1381 940 praescriptum
1409 898 1511 928 esset

179 967 229 991 ne
253 953 349 1003 quid
379 954 463 992 sine
493 954 599 992 Sexti
625 954 747 992 nostri
775 955 970 993 sententia
995 963 1136 1004 ageret,
1166 969 1295 1004 neque
1322 957 1372 993 ad
1400 955 1509 993 illum

179 1032 309 1068 neque
342 1020 392 1057 ad
427 1033 669 1069 quemquam
704 1027 881 1057 nostrum
914 1019 1069 1057 rettulit.
1129 1020 1302 1057 Atticam
1337 1029 1508 1058 nostram

179 1083 297 1133 cupio
325 1084 532 1121 absentem
562 1083 738 1121 suaviari.
800 1085 861 1121 Ita
885 1083 937 1121 mi
967 1084 1094 1121 dulcis
1121 1086 1225 1122 salus
1245 1084 1326 1121 visa
1355 1092 1413 1122 est
1442 1098 1510 1134 per

123 1159 160 1189 15
179 1155 217 1186 te
238 1148 356 1186 missa
374 1148 426 1185 ab
447 1147 521 1185 illa.
582 1149 745 1186 Referes
766 1147 880 1197 igitur
900 1148 935 1187 ei
961 1148 1170 1198 plurimam
1195 1148 1368 1198 itemque
1389 1148 1510 1187 Piliae

179 1212 287 1250 dicas
307 1212 434 1251 velim.

221 1320 288 1356 IV
440 1324 510 1356 Ser.
532 1325 565 1357 in
581 1323 764 1356 Puteolano
781 1324 814 1355 vi
828 1324 877 1355 Id.
903 1324 1015 1364 Quint.
1033 1335 1065 1357 α.
1090 1335 1146 1364 710
1164 1324 1253 1366 (44).

586 1402 757 1433 CICERO
781 1402 961 1433 ATTICO
984 1402 1093 1433 SAL.

234 1474 296 1512 Ita
322 1481 363 1512 ut
390 1474 473 1512 heri
498 1473 568 1511 tibi
596 1473 745 1511 narravi
770 1475 829 1512 vel
858 1475 1020 1512 fortasse
1045 1473 1164 1512 hodie
1187 1473 1376 1524 (Quintus
1403 1472 1507 1512 enim
1529 1483 1546 1509 1

121 1555 160 1576 20
178 1540 300 1577 altero
339 1539 403 1577 die
443 1552 483 1576 se
523 1538 682 1589 aiebat),
716 1538 755 1576 in
789 1538 939 1576 Nesida
972 1551 1045 1576 V111
1084 1541 1189 1577 Idus.
1251 1539 1313 1577 Ibi
1353 1541 1506 1576 Brutus.

180 1605 311 1652 Quam
332 1604 396 1642 ille
417 1604 543 1642 doluit
564 1605 614 1642 de
636 1605 773 1642 NONis
795 1605 948 1641 IVLns!
979 1603 1140 1642 mirifice
1161 1612 1218 1642 est
1240 1603 1505 1642 conturbatus.

180 1671 320 1719 Itaque
360 1683 445 1708 sese
484 1669 718 1719 scripturum
756 1668 886 1707 aiebat
926 1676 965 1706 ut
1000 1669 1249 1706 venationem
1289 1682 1375 1706 eam
1407 1681 1508 1717 quae

178 1733 367 1783 postridie
396 1735 510 1772 ludos
540 1733 779 1783 Apollinaris
808 1735 936 1771 futura
965 1742 1022 1771 est
1062 1732 1347 1782 proscriberent
1385 1734 1426 1769 in
1462 1745 1506 1769 111

180 1810 273 1836 1Dvs
303 1810 524 1843 QVINTILIS.
598 1798 700 1837 Libo
734 1797 952 1836 intervenit.
1025 1799 1064 1835 Is
1100 1797 1308 1835 Philonem
1344 1797 1508 1847 Pompei

120 1879 159 1910 25
179 1863 361 1901 libertum
394 1872 432 1902 et
467 1863 650 1901 Hilarum
683 1877 797 1901 suum
829 1863 1012 1901 libertum
1044 1862 1198 1900 venisse
1224 1875 1246 1900 a
1271 1863 1388 1900 Sexto
1418 1875 1507 1899 cum

179 1927 314 1966 litteris
347 1930 398 1966 ad
428 1929 610 1966 consules
651 1927 731 1966 sive
766 1941 846 1978 quo
884 1927 961 1966 alio
1000 1927 1162 1965 nomine
1200 1934 1301 1964 sunt.
1362 1928 1506 1964 Earum

179 1994 402 2042 exemplum
424 1993 538 2031 nobis
559 1992 661 2042 legit,
685 1993 716 2030 si
744 1993 840 2042 quid
860 1993 1065 2031 videretur.
1126 1994 1257 2030 Pauca
1277 1994 1376 2041 παρὰ
1393 1993 1506 2038 λέξιν,

179 2057 379 2107 ceteroqui
409 2065 447 2096 et
477 2057 568 2095 satis
597 2057 761 2106 graviter
791 2065 828 2095 et
863 2071 943 2095 non
978 2057 1273 2096 contumaciter.
1333 2059 1506 2095 Tantum

178 2122 272 2160 addi
314 2122 473 2172 placuit,
506 2123 613 2172 quod
648 2129 728 2160 erat
770 2133 875 2160 Coss.
917 2125 1055 2169 solum,
1097 2131 1139 2160 ut
1177 2130 1278 2161 esset
1320 2134 1504 2170 PRAETT„

119 2199 161 2230 30
180 2199 312 2225 TRlssB.
338 2199 409 2234 PL„
433 2199 619 2233 SENATVI,
642 2201 691 2225 ne
713 2187 766 2224 illi
787 2201 866 2225 non
888 2189 1102 2237 proferrent
1123 2202 1187 2226 eas
1209 2202 1309 2238 quae
1329 2190 1378 2226 ad
1401 2188 1506 2237 ipsos

227 2303 239 2322 1
267 2292 298 2322 in
316 2292 536 2322 attributione
554 2291 703 2322 Ernesti:
727 2302 792 2322 om.
813 2292 847 2322 in
869 2291 955 2322 codd.
972 2303 977 2321 t
1004 2303 1046 2322 ex
1066 2293 1285 2323 attributione
1303 2293 1381 2324 coni.
1398 2293 1483 2323 Boot
1499 2305 1505 2322 :

179 2335 407 2365 attributionis
426 2334 528 2365 Orelli
634 2337 654 2365 6
679 2346 718 2365 eo
736 2334 813 2367 add.
831 2336 919 2375 vulg.
1049 2346 1086 2365 10
1113 2335 1255 2366 Hieram
1277 2336 1352 2367 Vict.
1374 2348 1380 2368 :
1406 2336 1503 2366 Eram

180 2378 221 2408 M
353 2389 388 2416 14
414 2379 587 2409 absentem
604 2389 632 2408 v.
653 2389 675 2408 c.
698 2378 726 2408 L
744 2380 886 2419 (marg.)
906 2373 949 2407 ΖΙ)
969 2379 1083 2417 Οάίμ
1107 2390 1173 2410 om.
1195 2383 1250 2410 ΣΔ
1405 2390 1445 2418 23
1472 2380 1503 2409 in

179 2421 255 2453 add.
281 2421 470 2462 lVesenberg
598 2431 642 2460 30
667 2421 759 2461 ipsos
778 2422 832 2452 M¹
849 2434 856 2453 :
880 2432 917 2452 se
934 2422 1027 2462 ipsos
1045 2422 1216 2453 EORM2s
