1827 2798
210 127 297 165 XV.
320 127 430 164 xxiii
677 129 732 165 M.
764 128 932 166 TVLLI
964 128 1272 167 CICERONIS

302 238 389 276 misi
409 239 460 276 ad
483 240 658 276 Brutum.
714 238 838 278 Cuius
858 239 909 278 de
929 238 1066 278 itinere
1085 239 1202 278 etiam
1224 253 1271 278 ex
1291 247 1330 280 te
1348 239 1465 280 velim
1486 240 1516 279 si
1538 240 1634 292 quid

301 302 399 341 scies
420 316 669 353 cognoscere.

344 412 498 447 XXIV
546 417 616 448 Scr.
638 418 671 447 in
693 417 879 449 Tusculano
896 420 930 450 vi
942 419 985 450 K.
1008 418 1120 459 Quint.
1142 429 1249 459 amne,
1269 422 1307 449 ul
1321 418 1399 458 vid„
1417 430 1448 450 a.
1469 428 1527 458 710
1545 418 1631 459 (44).

709 494 881 526 CICERO
911 495 1095 526 ATTICO
1124 495 1233 527 SAL.

354 565 598 604 Tabellarius
628 579 746 616 quem
777 568 829 605 ad
859 569 1023 605 Brutum
1059 567 1239 606 miseram
1274 581 1321 606 ex
1352 567 1489 606 itinere
1519 566 1634 605 rediit
1655 576 1673 608 5

302 642 358 668 v11
383 632 470 668 Kal.
532 630 579 668 Ei
600 631 760 670 Servilia
789 632 885 671 dixit
914 646 962 671 eo
992 632 1056 671 die
1085 635 1249 670 Brutum
1271 632 1379 672 †his†
1400 633 1631 682 profectum.

300 697 403 735 Sane
432 695 541 734 dolui
572 710 679 735 meas
709 696 854 735 litteras
883 697 1056 735 redditas
1085 710 1166 735 non
1193 711 1289 736 esse.
1349 697 1466 736 Silius
1491 698 1542 735 ad
1570 710 1634 734 me

300 774 381 798 non
410 769 579 799 venerat.
639 762 810 800 Causam
840 761 1046 811 composui
1061 776 1071 809 3
1105 775 1195 800 eum
1226 762 1402 801 libellum
1431 761 1502 800 tibi
1532 761 1630 799 misi.

299 826 358 864 Te
379 839 460 876 quo
480 825 545 864 die
565 834 789 876 exspectem
810 826 926 864 velim
948 826 1056 865 scire.

343 933 472 969 XXV
561 937 629 970 Ser.
651 939 685 969 in
707 938 893 969 Tusculano
909 938 945 968 iii
958 938 1001 969 K.
1022 938 1135 978 Quint.
1157 950 1187 970 a.
1208 949 1265 979 710
1279 938 1370 978 (44).
1656 944 1693 966 10

709 1014 879 1046 CICERO
909 1014 1091 1046 ATTICO
1121 1014 1228 1047 SAL.

356 1087 419 1124 De
454 1100 544 1125 meo
574 1086 712 1125 itinere
745 1087 873 1125 variae
906 1087 1147 1135 sententiae3
1189 1087 1300 1125 multi
1332 1087 1436 1126 enim
1471 1087 1522 1125 ad
1557 1100 1631 1125 me.

302 1152 380 1190 Sed
410 1159 451 1189 tu
481 1151 681 1199 incumbe,
711 1165 869 1201 quaeso,
902 1151 941 1190 in
970 1166 1057 1190 eam
1091 1166 1238 1190 curam.
1297 1154 1444 1201 Magna
1472 1165 1532 1190 res
1562 1159 1630 1190 est.

302 1218 366 1253 An
396 1217 551 1266 probas,
580 1217 611 1255 si
640 1218 691 1255 ad
720 1219 807 1255 Kal.
832 1219 914 1254 Ian.
942 1216 1190 1267 cogitamus?
1246 1219 1364 1255 Meus
1391 1216 1546 1254 animus
1575 1224 1633 1255 est

301 1294 464 1331 aequus,
486 1281 540 1320 sic
566 1289 700 1320 tamen
727 1289 769 1320 ut
798 1282 829 1319 si
859 1282 956 1319 nihil
985 1281 1213 1320 offensionis
1237 1281 1296 1320 sit.
1356 1284 1432 1321 †Et
1452 1289 1493 1319 tu
1515 1281 1632 1319 etiam
1656 1295 1695 1327 ¹5

301 1345 400 1384 scire
438 1360 518 1396 quo
557 1346 622 1385 die
660 1346 845 1397 Olympia
892 1361 982 1385 cum
1031 1346 1214 1396 mysteria
1260 1346 1418 1385 scilicet.
1491 1348 1544 1384 Vt
1592 1353 1633 1384 tu

302 1409 457 1457 scires‘t,
488 1425 601 1450 casus
635 1412 843 1450 consilium
878 1412 999 1450 nostri
1031 1411 1178 1450 itineris
1211 1411 1411 1450 iudicabit.
1471 1410 1635 1449 Dubite-

302 1489 389 1513 mus
417 1475 541 1526 igitur.
603 1479 672 1515 Est
702 1477 807 1515 enim
837 1477 1002 1515 hiberna
1030 1476 1227 1527 navigatio
1256 1477 1408 1524 odiosa,
1431 1490 1559 1526 eoque
1588 1491 1635 1515 ex

301 1549 340 1580 te
360 1541 604 1591 quaesieram
625 1541 897 1591 mysteriorum
919 1542 1036 1580 diem.
1084 1544 1260 1589 Brutum,
1282 1549 1324 1581 ut
1345 1541 1493 1589 scribis,
1507 1541 1634 1581 visum

302 1606 346 1645 iri
365 1620 388 1644 a
410 1620 472 1645 me
492 1615 599 1657 puto.
660 1609 746 1657 Ego
766 1607 858 1645 hinc
878 1609 969 1646 volo
988 1621 1042 1658 pr.
1068 1609 1156 1646 Kal.
1657 1620 1694 1642 20

346 1752 500 1788 XXVI
587 1754 655 1788 Scr.
677 1757 710 1787 in
727 1757 891 1797 Arpinati
905 1757 939 1788 vi
952 1758 1037 1789 Non.
1060 1758 1173 1798 Quint.
1194 1770 1226 1791 α.
1250 1770 1307 1799 710
1326 1759 1413 1802 (44).

706 1844 877 1876 CICERO
907 1845 1090 1877 ATTICO
1120 1845 1228 1877 SAL.

265 1940 284 1970 1
357 1935 419 1972 De
444 1933 583 1983 Quinti
611 1934 770 1985 negotio
798 1935 916 1974 video
944 1950 968 1973 α
998 1944 1036 1975 te
1065 1936 1199 1975 omnia
1228 1938 1340 1975 facta.
1400 1938 1473 1976 Ille
1501 1944 1634 1975 tamen

300 2000 409 2038 dolet
429 1999 615 2038 dubitans
635 2008 765 2038 utrum
786 2014 936 2039 morem
957 2009 1063 2051 gerat
1085 2003 1232 2052 Leptae
1252 2016 1302 2040 an
1323 2003 1443 2041 fidem
1464 2001 1633 2040 infirmet

301 2065 391 2104 filio.
452 2065 634 2104 Inaudivi
656 2067 699 2104 L.
723 2065 909 2105 Pisonem
930 2069 1028 2105 velle
1053 2067 1155 2105 exire
1175 2069 1345 2118 legatum
1366 2068 1633 2120 ψευὸεγγράφῳ
1655 2080 1693 2112 25

345 2171 366 2199 6
390 2169 455 2209 his]
486 2179 546 2200 His
574 2170 608 2211 (i.
623 2181 648 2201 e.
674 2170 754 2200 hora
776 2170 889 2209 prima
916 2171 1025 2203 semis&
1054 2170 1170 2201 Orelli:
1204 2180 1289 2201 HNIS
1312 2164 1366 2210 Zb,
1393 2171 1457 2201 hiis
1482 2167 1523 2200 Z‘
1547 2171 1638 2211 quod

301 2212 430 2243 viderur
452 2224 515 2243 esse
542 2224 616 2244 ΗΠΒ
642 2214 781 2251 (zlzora
806 2214 1021 2251 senzz'terlt'a):
1053 2215 1086 2243 in
1112 2214 1273 2245 Nesidem
1299 2214 1430 2245 Schiche
1594 2225 1631 2254 15

301 2257 350 2286 sic
368 2250 412 2286 ΖΓ)
430 2268 455 2287 v.
469 2268 490 2287 c.
508 2257 625 2288 Romu:
652 2258 679 2287 si
699 2257 759 2287 M:
785 2257 829 2287 ita
844 2254 1084 2288 ZtAFLamb.
1143 2259 1171 2288 si
1184 2269 1249 2289 om.
1263 2261 1335 2289 vcz‘c.
1394 2258 1435 2288 Et
1452 2256 1504 2297 tu']
1521 2258 1631 2289 Velim

301 2299 518 2339 Slmckbmgrlz
672 2303 710 2330 16
734 2301 816 2330 scite
834 2300 956 2331 Hosius
1059 2301 1219 2341 Olympia
1244 2301 1334 2342 cum]
1358 2302 1436 2331 olim
1461 2302 1631 2340 piaculum

302 2343 422 2373 Rosius
439 2355 445 2374 ε
471 2343 631 2382 Olympia
650 2346 703 2383 (sc.
731 2345 809 2373 sinti
836 2344 1052 2384 Shuckbmgh
1142 2345 1305 2385 mysteria
1321 2344 1448 2375 scilicet
1463 2345 1532 2375 secl.
1547 2344 1633 2375 Boot

300 2386 513 2425 Slmcklsmgrlz
626 2387 708 2416 Vtut
734 2392 786 2417 est
812 2388 877 2417 (vel
898 2389 975 2422 erit)
1004 2398 1059 2418 res
1077 2387 1202 2418 Moser:
1227 2389 1308 2418 Vtut
1324 2388 1368 2419 sit
1384 2398 1439 2418 res
1456 2389 1562 2428 vulg:
1586 2388 1631 2418 Vt

302 2435 337 2461 tu
348 2431 470 2460 scribis
486 2430 605 2461 Lamb.
621 2430 838 2470 Shmkburgh
932 2432 970 2461 18
988 2431 1048 2462 Est
1061 2430 1126 2463 Zb:
1145 2442 1210 2462 om.
1225 2431 1267 2461 M
1352 2442 1393 2471 23
1417 2442 1436 2462 a
1447 2431 1521 2463 add.
1535 2431 1625 2473 vulg.
