1827 2798
81 889 116 911 10

79 1534 120 1557 20

82 1912 119 1942 25

542 116 654 154 EPP.
687 117 766 153 AD
797 116 1056 155 ATTICVM
1376 117 1462 154 XV.
1487 117 1579 154 xvii

136 225 256 275 ipsius
277 226 426 265 litterae
455 226 509 265 sie
539 236 577 265 et
607 229 867 280 φιλοστόργως
893 235 931 265 et
960 230 1110 269 εὐπινῶς
1136 227 1301 277 scriptae
1332 236 1372 265 ut
1400 241 1464 265 eas

135 293 194 328 vel
215 291 254 327 in
274 291 423 328 acroasi
447 293 615 329 audeam
646 294 782 342 legere.
844 294 936 341 Quo
961 293 1082 343 magis
1103 293 1157 330 illi
1177 292 1462 343 indulgendum

135 364 240 404 puto.
302 357 363 392 De
386 355 591 393 Buciliano
612 357 781 395 Sestium
803 366 899 407 puto
920 372 1000 395 non
1022 359 1185 395 moleste
1206 359 1313 396 ferre.
1367 359 1462 406 Ego,

135 419 165 457 si
190 419 284 456 Tiro
312 421 363 457 ad
394 433 467 466 me,
497 421 627 469 cogito
658 421 696 458 in
718 423 999 459 Tusculanum.
1059 424 1121 460 Tu
1149 436 1251 469 vero,
1275 422 1463 472 quicquid

135 484 204 522 erit
225 484 333 533 quod
354 497 417 522 me
437 484 534 522 scire
555 499 623 534 par
644 485 702 533 sit,
725 486 866 524 statim.

177 613 337 647 XVIII
384 615 452 646 Ser.
473 617 505 646 in
523 617 631 647 itincre
646 628 685 647 ex
700 617 836 647 Anlt'alt'
849 619 881 648 sn
906 619 1131 649 Tusculanum
1149 619 1208 648 xvi
1220 618 1262 649 K.
1282 618 1394 657 Quint.

692 672 722 691 a.
748 671 803 699 710
823 667 910 701 μμ).

540 737 709 768 CICERO
739 738 919 769 ATTICO
950 735 1055 770 SAL.

190 820 277 846 XVII
312 811 398 847 Kal.
435 809 506 847 etsi
541 809 632 847 satis
663 809 823 847 videbar
856 810 1055 860 scripsisse
1088 812 1138 848 ad
1173 818 1210 849 te
1243 810 1337 860 quid
1369 810 1462 848 mihi
1485 820 1500 846 1

135 887 235 924 opus
255 882 356 912 esset
377 882 414 912 et
435 874 530 924 quid
551 882 588 912 te
608 875 733 912 facere
754 876 905 922 vellem,
929 874 960 912 si
981 875 1051 913 tibi
1072 877 1327 913 commodum
1350 882 1465 922 esset,

136 947 269 976 tamen
289 953 379 976 cum
400 941 596 989 profectus
624 953 747 976 essem
777 947 813 976 et
845 939 883 975 in
913 941 1000 976 lacu
1021 939 1253 988 navigarem,
1277 939 1462 977 Tironem

137 1004 250 1041 statui
279 1005 330 1041 ad
354 1012 392 1042 te
421 1018 506 1042 esse
536 1004 783 1049 mittendum⁷
807 1012 848 1041 ut
879 1003 923 1041 iis
951 1004 1116 1053 negotiis
1138 1018 1238 1053 quae
1262 1012 1466 1053 agerentur

138 1070 350 1116 interesset,
390 1078 508 1119 atque
545 1069 662 1108 etiam
701 1068 835 1118 scripsi
873 1070 925 1106 ad
966 1070 1213 1107 Dolabellam
1254 1082 1327 1115 me,
1362 1068 1391 1106 si
1432 1068 1465 1106 ei

137 1134 345 1182 videretur,
365 1136 463 1172 velle
483 1133 676 1184 proticisci
707 1133 880 1183 petiique
907 1134 957 1170 ab
985 1147 1032 1171 eo
1061 1135 1110 1171 de
1135 1133 1250 1171 mulis
1272 1140 1463 1170 vecturae.

99 1212 113 1241 .·
137 1200 191 1237 Vt
211 1199 250 1236 in
271 1199 330 1236 his
351 1197 555 1248 (quoniam
585 1197 769 1248 intellego
797 1205 834 1235 te
860 1197 1187 1236 distentissimum
1214 1211 1299 1236 esse
1320 1211 1397 1247 qua
1418 1199 1467 1236 de
1489 1205 1511 1232 2

138 1263 353 1301 Buthrotiis
388 1277 465 1312 qua
498 1264 548 1300 de
583 1265 715 1309 Bruto,
748 1263 858 1300 cuius
897 1263 1015 1301 etiam
1049 1264 1233 1301 ludorum
1268 1270 1468 1312 sumptuo-

137 1341 268 1366 sorum
296 1341 428 1365 curam
456 1335 493 1366 et
520 1327 900 1366 administrationem
931 1327 1108 1377 suspicor
1128 1341 1174 1365 ex
1198 1341 1339 1377 magna
1360 1335 1468 1377 parte

136 1393 187 1430 ad
208 1400 246 1430 te
266 1392 474 1443 pertinere)
489 1401 531 1430 ut
547 1406 638 1442 ergo
659 1392 699 1429 in
720 1392 802 1430 eius
824 1392 931 1430 modi
953 1406 992 1431 re
1013 1392 1158 1430 tribues
1176 1392 1290 1430 nobis
1307 1393 1467 1442 paulum

138 1471 304 1507 operae3
333 1471 407 1496 nec
427 1458 532 1496 enim
554 1459 721 1496 multum
742 1471 841 1508 opus
862 1465 930 1496 est.

195 1522 295 1560 Mihi
317 1537 375 1561 res
395 1524 447 1561 ad
467 1525 629 1561 caedem
651 1531 689 1561 et
713 1537 798 1561 eam
821 1523 981 1572 quidem
1009 1522 1271 1573 propinquam
1293 1531 1468 1573 spectare

137 1587 300 1626 videtur.
359 1588 481 1626 Vides
520 1588 711 1635 homines,
745 1587 853 1626 vides
887 1602 1004 1625 arma.
1064 1590 1225 1626 Prorsus
1257 1602 1337 1626 non
1372 1588 1468 1625 mihi

138 1651 271 1690 videor
291 1666 376 1691 esse
396 1660 512 1690 tutus.
573 1652 640 1691 Sin
661 1661 703 1690 tu
723 1652 832 1690 aliter
856 1652 987 1699 sentis,
1010 1652 1125 1690 velim
1153 1653 1203 1690 ad
1224 1665 1287 1690 me
1308 1652 1465 1690 scribas.

141 1717 260 1755 Domi
281 1717 386 1755 enim
408 1731 575 1764 manere,
599 1716 630 1755 si
650 1725 754 1755 recte
775 1730 947 1766 possum,
971 1718 1095 1755 multo
1116 1718 1230 1755 malo.

181 1823 291 1857 XIX
336 1826 405 1858 Scr.
425 1827 459 1856 in
482 1826 668 1857 Tusculano
681 1827 763 1857 inter
778 1837 808 1857 a.
830 1826 862 1857 d.
881 1837 923 1856 xv
940 1830 968 1856 ct
981 1827 1019 1856 xi
1032 1826 1074 1857 K.
1094 1826 1205 1865 Quint.
1226 1836 1255 1856 a.
1279 1836 1335 1866 710
1354 1826 1441 1868 (44).

541 1903 713 1934 CICERO
743 1902 922 1934 ATTICO
951 1901 1060 1933 SAL.

194 1973 396 2022 Quidnam
423 1982 481 2012 est
510 1976 618 2024 quod
647 1975 845 2024 agendum
874 1974 1042 2024 amplius
1072 1975 1122 2013 de
1146 1973 1362 2012 Buthrotiis
1389 1976 1504 2012 sll?1

140 2040 206 2077 Sat
235 2038 358 2088 egisse
388 2038 492 2076 enirn
522 2046 560 2077 te
593 2040 731 2077 frustra
764 2039 911 2077 scribis.
971 2038 1079 2088 Quid
1112 2046 1244 2076 autem
1279 2051 1321 2077 se
1354 2040 1466 2076 refert

187 2153 200 2173 1
228 2142 354 2172 εὐπινῶς
383 2142 504 2172 Klotz:
537 2145 695 2173 ΠΙΝΩΟΟ
722 2141 781 2173 M:
815 2142 1030 2180 πεπινωμένως
1057 2143 1224 2173 Corradus
1371 2152 1406 2180 14
1427 2142 1469 2172 ab

140 2187 259 2216 eodem
286 2186 394 2216 mulos
418 2187 495 2215 coni.
522 2185 606 2215 Boot
743 2190 818 2225 post
838 2191 997 2217 vecturae
1023 2186 1099 2216 add.
1126 2187 1259 2218 itineris
1285 2185 1327 2216 M
1350 2187 1403 2226 (sc.
1435 2192 1469 2216 ut

141 2230 172 2259 in
199 2229 251 2259 his
275 2230 482 2269 repetz'tum‘12
514 2240 579 2260 om.
608 2227 784 2259 ZWORP
946 2240 982 2269 15
1008 2230 1053 2260 Vt
1082 2229 1282 2261 Gronovius:
1318 2234 1352 2260 et
1378 2228 1469 2260 cedd.

145 2274 183 2303 16
216 2278 488 2311 sumptuosorum
514 2271 690 2302 Lehmann
719 2273 784 2304 coll.
822 2272 859 2311 Q.
888 2272 941 2304 Fr.
972 2274 1016 2304 iii.
1046 2274 1076 2305 8.
1105 2274 1148 2304 6:
1194 2284 1331 2304 suorum
1356 2271 1469 2303 codd.:

140 2316 353 2346 scenicorum
371 2316 432 2346 alii
563 2325 600 2354 17
627 2320 660 2346 et
681 2317 767 2346 adm.
793 2315 996 2356 lsls'csenberg:
1024 2317 1124 2347 etiam
1148 2318 1235 2348 adm.
1258 2316 1369 2348 codd:
1401 2316 1469 2348 secl.

140 2359 252 2389 Baiter
460 2359 503 2389 26
526 2360 695 2398 agendum
712 2359 852 2392 Sclnilz:
879 2360 1071 2390 audendum
1089 2360 1177 2392 codd.
1314 2360 1381 2392 sit?
1408 2359 1470 2391 Sat

141 2404 253 2443 egisse
271 2402 395 2433 Maller
410 2414 416 2433 :
440 2403 576 2434 stetisse
593 2402 679 2434 codd.
695 2414 702 2436 :
728 2404 794 2434 sit?
812 2404 922 2443 egisse
944 2403 1132 2445 W'esenberg
