1827 2798
645 183 757 221 EPP.
789 183 868 220 AD
896 182 1159 222 ATTICVM
1453 184 1522 224 IX.
1545 185 1607 223 vii
1623 198 1648 224 Α

214 310 300 336 eam
321 303 429 334 tuam
458 308 542 333 esse
566 293 795 344 dignitatern
824 308 953 344 neque
983 296 1102 333 fidem
1132 294 1317 334 omnibus
1338 294 1536 345 cognitam

213 369 256 399 ut
285 368 421 399 contra
447 361 686 407 alterutrum,
709 373 799 398 curn
829 360 983 409 utrique
1012 359 1062 398 sis
1093 359 1260 399 maxime
1281 361 1536 409 necessarius,

212 439 319 464 arma
349 427 458 472 feras,
496 432 534 463 et
567 426 644 463 hoc
681 439 763 464 non
801 424 1028 463 dubitamus
1066 425 1162 475 quin
1195 427 1338 465 Caesar
1367 440 1437 477 pro
1467 440 1538 464 sua

213 490 456 528 humanitate
495 490 664 528 maxime
703 490 750 528 sit
788 490 1032 540 probaturus.
1104 492 1189 529 Nos
1227 499 1369 539 tamen,
1403 491 1435 530 si
1465 490 1535 530 tibi

175 570 191 601 5
211 554 418 602 videbitur,
450 555 501 593 ad
534 555 744 594 Caesarem
776 554 992 592 scribemus
1025 562 1068 593 ut
1102 568 1174 593 nos
1208 555 1390 593 certiores
1420 556 1536 594 faciat

212 620 308 670 quid
328 621 372 657 de
391 621 464 658 hac
484 633 525 658 re
544 627 700 658 acturus
721 619 779 658 sit.
838 621 876 658 A
903 633 982 669 quo
1009 620 1039 658 si
1067 620 1137 658 erit
1158 620 1272 658 nobis
1293 621 1535 670 rescriptum,

212 685 343 725 statim
364 698 465 734 quae
486 683 699 722 sentiemus
715 685 765 722 ad
782 691 819 721 te
836 684 1051 722 scribemus
1072 692 1110 723 et
1126 684 1196 722 tibi
1213 686 1332 723 fidem
1349 684 1538 723 faciemus

210 762 284 788 nos
323 762 368 787 ea
407 750 570 786 suadere
609 761 709 798 quae
748 747 863 785 nobis
896 747 1078 786 videntur
1107 756 1198 786 tuae
1231 749 1423 798 dignitati,
1457 762 1538 787 non

213 813 391 853 Caesaris
420 812 567 851 actioni
598 826 683 851 esse
713 812 933 860 utilissima,
957 820 995 851 et
1021 814 1098 851 hoc
1129 814 1339 852 Caesarem
1368 827 1439 865 pro
1470 827 1540 852 sua

156 892 194 914 10
212 877 458 929 indulgentia
477 877 518 916 in
538 891 630 917 suos
650 878 907 928 probaturum
927 885 1123 929 putamus,

855 1005 898 1044 Β.

482 1090 549 1121 Ser.
568 1090 695 1121 Romae
711 1100 730 1122 v
746 1093 805 1120 aut
820 1090 852 1121 iv
866 1090 915 1120 Id.
934 1089 1033 1122 Mart.
1053 1101 1083 1123 a.
1106 1101 1160 1130 705
1173 1090 1259 1132 (49).

538 1166 719 1197 BALBVS
744 1165 969 1197 CICERONI
995 1166 1088 1198 IMP.
1114 1167 1213 1199 SAL.

266 1240 301 1278 S.
324 1240 372 1277 V.
397 1240 439 1276 B.
461 1239 513 1276 E.
573 1240 715 1276 Postea
735 1251 854 1288 quam
874 1237 1019 1276 litteras
1045 1237 1267 1277 communis
1296 1252 1388 1277 cum
1409 1238 1542 1289 Oppio
1561 1252 1577 1278 1

156 1317 191 1348 15
212 1304 263 1342 ad
292 1311 329 1342 te
363 1302 466 1351 dedi,
495 1303 546 1341 ab
577 1304 743 1342 Caesare
773 1302 979 1352 epistulam
1013 1303 1147 1353 accepi
1179 1303 1289 1342 cuius
1320 1306 1544 1354 exemplum

212 1367 283 1407 tibi
321 1367 434 1416 misi3
480 1382 527 1406 ex
563 1381 642 1417 qua
679 1367 898 1417 perspicere
936 1368 1080 1418 poteris
1119 1381 1236 1418 quam
1285 1369 1416 1419 cupiat
1454 1383 1545 1407 con-

213 1432 387 1471 cordiam
407 1446 517 1470 suam
545 1440 582 1470 et
613 1432 777 1481 Pompei
806 1432 1056 1470 reconciliare
1083 1440 1121 1471 et
1145 1446 1263 1482 quam
1293 1441 1466 1471 remotus
1496 1433 1545 1472 sit

212 1498 262 1537 ab
297 1498 406 1536 omni
435 1498 664 1536 crudelitate
681 1513 691 1545 ,-
732 1499 841 1548 quod
876 1512 966 1536 eum
997 1498 1153 1546 sentire,
1181 1506 1224 1536 ut
1259 1499 1397 1545 debeo,
1429 1500 1544 1539 valde

212 1564 376 1614 gaudeo.
438 1565 500 1601 De
530 1570 567 1601 te
596 1570 634 1601 et
664 1570 730 1600 tua
756 1564 834 1600 fide
861 1570 899 1601 et
925 1562 1069 1612 pietate
1090 1563 1194 1601 idem
1216 1577 1279 1602 me
1300 1565 1467 1611 hercule,
1490 1563 1544 1601 mi

157 1643 195 1667 20
215 1628 365 1675 Cicero,
389 1628 516 1666 sentio
543 1629 651 1677 quod
681 1635 733 1675 tu,
757 1641 838 1665 non
864 1641 981 1678 posse
1008 1634 1115 1665 tuam
1142 1629 1286 1666 famam
1314 1636 1352 1667 et
1372 1628 1544 1667 officium

213 1694 404 1732 sustinere
437 1701 480 1731 ut
513 1700 650 1731 contra
680 1706 770 1731 eum
802 1706 909 1730 arma
942 1693 1041 1730 feras
1074 1706 1097 1731 a
1127 1706 1207 1742 quo
1238 1700 1391 1730 tantum
1430 1694 1546 1731 bene-

214 1758 345 1797 ficium
381 1766 418 1797 te
449 1757 648 1807 accepisse
682 1757 894 1807 praedices,
955 1758 1164 1795 Caesarem
1203 1758 1279 1795 hoc
1317 1757 1423 1795 idem
1461 1766 1589 1807 pro-2

213 1825 396 1863 baturum
436 1825 679 1874 exploratum
711 1836 782 1872 pro
814 1821 995 1872 singulari
1027 1821 1110 1860 eius
1142 1822 1384 1860 humanitate
1418 1822 1548 1861 habeo

215 1890 329 1940 eique
359 1889 667 1928 cumulatissime
697 1888 788 1927 satis
816 1889 1008 1926 facturum
1039 1895 1076 1926 te
1104 1895 1209 1925 certo
1237 1887 1318 1926 scio
1347 1901 1437 1926 cum
1467 1888 1550 1925 nul-

158 1956 292 1999 ²5lam
326 1963 476 2005 partem
511 1955 603 1993 belli
637 1963 772 1993 contra
801 1968 891 1992 eum
926 1953 1114 2002 suscipias
1145 1966 1274 2002 neque
1304 1953 1432 1991 socius
1467 1952 1549 1991 eius

215 2019 442 2058 adversariis
463 2020 590 2058 fueris.
650 2023 782 2070 Atque
809 2021 885 2057 hoc
910 2032 990 2056 non
1015 2019 1143 2056 solum
1164 2017 1203 2055 in
1224 2025 1271 2064 te,
1295 2017 1361 2054 tali
1382 2024 1419 2055 et
1440 2024 1549 2055 tanto

215 2083 308 2131 viro,
332 2083 423 2121 satis
443 2084 614 2131 habebit,
639 2086 708 2123 sed
730 2084 847 2123 etiam
875 2083 970 2121 mihi
998 2083 1080 2132 ipse
1108 2096 1176 2120 sua
1203 2081 1396 2120 concessit
1417 2083 1550 2120 volun-

216 2155 295 2187 tate
334 2162 383 2186 ne
421 2148 461 2186 in
500 2149 545 2187 iis
585 2149 719 2188 castris
757 2163 884 2187 essem
924 2162 1025 2198 quae
1063 2155 1199 2185 contra
1237 2148 1449 2184 Lentulum
1483 2153 1552 2186 aut

260 2253 281 2282 6
306 2252 347 2281 de
364 2250 439 2282 add.
462 2251 576 2281 Baiter
726 2262 742 2290 7
767 2261 854 2291 quae
871 2252 1058 2281 sentiemus
1075 2249 1154 2282 M'2:
1179 2262 1252 2282 cum
1272 2251 1457 2281 sentiamus
1473 2248 1525 2280 M¹
1542 2261 1550 2280 :

217 2296 296 2335 quid
314 2295 497 2325 sentiamus
520 2294 709 2335 Wesenberg
809 2305 830 2334 9
854 2295 977 2325 actioni
998 2294 1082 2326 CM:
1108 2296 1229 2325 rationi
1250 2294 1407 2324 Graevius
1511 2303 1549 2332 14

218 2349 245 2370 S.
266 2349 297 2370 v.
320 2349 349 2369 B.
371 2348 400 2369 Ε.
422 2337 514 2369 edd.:
538 2339 601 2369 sub
616 2339 663 2370 M.
685 2338 723 2378 cfi
743 2339 799 2369 viii
822 2349 857 2369 11
871 2348 890 2369 c
1061 2340 1099 2368 16
1115 2349 1182 2377 qua
1207 2339 1403 2369 Ascensz'us:
1428 2337 1550 2376 quibus

219 2382 306 2413 codd.
417 2392 454 2420 17
479 2392 572 2412 Suam
592 2382 665 2413 add.
690 2381 877 2422 Wesenbmg
964 2386 997 2412 et
1014 2382 1092 2412 M2:
1118 2387 1152 2412 ut
1170 2381 1223 2412 M¹
1316 2381 1452 2420 Pompei
1472 2380 1523 2410 M¹
1540 2391 1547 2411 :

220 2424 418 2464 Pompeium
438 2425 492 2454 Μ2
624 2436 665 2463 24
691 2430 786 2456 certo
805 2425 848 2457 Ο1
867 2424 936 2456 edd.
955 2425 1114 2464 plerique:
1145 2430 1238 2455 certe
1256 2425 1298 2454 M
1311 2425 1400 2465 quod
1411 2423 1550 2463 defendit

219 2467 309 2501 Neue
325 2470 332 2485 ⁶
346 2468 592 2500 Formenlelzre'
610 2468 656 2500 ii3.
675 2470 742 2501 620
874 2478 913 2508 27
939 2468 1114 2500 voluntate
1133 2468 1234 2500 CM22
1257 2469 1411 2500 bonitate
1429 2466 1482 2497 Ml

1400 2512 1462 2545 20*
