1827 2798
588 168 699 206 EPP.
733 170 809 207 AD
839 167 1098 207 ATTICVM
1462 166 1532 206 IX.
1550 175 1611 201 xv

192 279 320 317 habeo
350 282 412 318 †et
441 279 636 328 descripta
667 279 794 317 attulit
826 279 889 317 illa
929 286 949 317 e
981 277 1156 317 vialmisi
1190 279 1240 316 ad
1275 285 1313 316 te
1341 284 1456 324 ante3
1495 290 1517 314 e

191 344 334 393 quibus
374 346 560 382 mandata
598 345 767 395 intellegi
804 359 928 395 posse.
1000 345 1204 394 Philippus
1240 342 1408 393 Neapoli
1446 351 1516 389 est,

193 409 382 446 Lentulus
414 409 597 447 Puteolis.
659 412 720 448 De
748 409 937 457 Domitio,
961 418 1002 447 ut
1023 409 1131 457 facis,
1152 407 1347 447 sciscitare
1369 406 1436 445 ubi
1454 406 1517 454 sit,

191 472 287 522 quid
308 473 462 522 cogitet.

152 549 170 581 5
245 538 366 585 Quod
393 538 528 576 scribis
557 538 730 589 asperius
761 553 824 577 me
850 552 968 588 quam
993 538 1070 577 mei
1097 536 1293 588 patiantur
1313 549 1440 575 mores
1466 537 1515 574 de
1534 545 1559 584 5

193 601 385 652 Dionysio
410 603 621 652 scripsisse,
643 603 731 641 vide
762 617 880 653 quam
911 603 984 641 sim
1013 602 1266 652 antiquorum
1296 600 1512 639 hominum.

150 702 153 705 Α
191 668 249 705 Te
284 667 437 706 medius
477 668 592 706 fidius
627 670 728 707 hanc
762 683 842 707 rem
881 669 1032 718 gravius
1067 668 1199 718 putavi
1233 669 1400 705 laturum
1432 680 1516 705 esse

191 746 310 781 quarn
346 746 419 770 me.
480 734 583 771 Nam
619 742 769 783 praeter
802 747 920 783 quarn
956 734 1064 783 quod
1099 741 1136 771 te
1169 732 1316 771 moveri
1353 731 1516 770 arbitror

191 805 371 845 oportere
401 797 539 835 iniuria
569 812 669 847 quae
700 798 794 835 mihi
823 812 846 835 a
876 811 1076 847 quoquam
1106 798 1208 835 sacta
1237 796 1297 839 sit,
1319 803 1515 846 praeterea

133 874 173 898 10
193 869 230 899 te
251 861 379 911 ipsum
400 864 572 912 quodam
597 864 718 901 modo
738 863 801 900 hic
822 863 979 900 violavit
1006 876 1096 901 cum
1124 862 1163 900 in
1192 876 1254 900 rne
1275 871 1354 899 tam
1376 861 1516 911 impro-

191 926 265 964 bus
286 926 367 964 fuit.
411 928 490 965 Sed
510 935 550 965 tu
573 927 612 965 id
633 928 769 977 quanti
789 927 971 965 aestimes
993 935 1104 965 tuum
1122 927 1311 965 iudicium
1328 934 1413 974 est3
1443 940 1514 964 nec

191 999 323 1029 tamen
354 991 392 1029 in
423 993 499 1029 hoc
529 992 599 1030 tibi
628 992 841 1041 quicquam
876 991 1004 1030 oneris
1034 991 1208 1041 impono.
1270 994 1355 1040 Ego
1383 999 1514 1030 autem

191 1055 299 1093 illum
326 1059 426 1094 rnale
453 1070 592 1094 sanum
617 1070 772 1106 semper
798 1056 944 1106 putavi,
965 1070 1071 1094 nunc
1103 1057 1219 1094 etiam
1250 1056 1448 1106 impurum
1478 1065 1516 1094 et

191 1123 422 1159 sceleratum
456 1130 552 1172 puto
586 1135 660 1159 nec
689 1129 821 1160 tamen
858 1121 955 1159 mihi
988 1121 1247 1160 inimiciorem
1277 1135 1397 1171 quam
1428 1120 1512 1159 sibi.

133 1195 170 1227 15
192 1185 415 1235 Philargyro
445 1187 547 1224 bene
577 1186 729 1224 curasti.
790 1187 961 1225 Causam
991 1195 1094 1224 certe
1119 1186 1289 1225 habuisti
1321 1194 1359 1225 et
1386 1199 1515 1224 veram

189 1257 228 1288 et
249 1250 405 1298 bonam,
430 1251 608 1289 relictum
629 1265 714 1289 esse
735 1265 798 1289 me
818 1251 949 1300 potius
971 1264 1090 1300 quam
1112 1251 1324 1301 reliquisse.

243 1317 346 1354 Cum
377 1317 575 1355 dedissem
606 1316 684 1354 iam
718 1316 862 1354 litteras
893 1330 926 1354 a.
956 1318 992 1355 d.
1023 1329 1096 1354 vm
1132 1318 1233 1363 Kal„
1269 1316 1377 1366 pueri
1416 1330 1516 1366 quos
1535 1322 1563 1359 6

190 1394 280 1418 cum
304 1381 429 1419 Matio
456 1390 493 1419 et
520 1380 707 1420 Trebatio
734 1381 915 1419 miseram
944 1381 1152 1432 epistulam
1179 1381 1275 1419 mihi
1304 1383 1517 1420 attulerunt

189 1445 265 1483 hoc
285 1447 465 1496 exemplo
481 1461 488 1484 :

132 1531 171 1553 ²0
211 1523 445 1560 ‘MATIVS
477 1523 549 1560 ET
578 1524 896 1561 TREBATIVS
928 1523 1206 1562 CICERONI
1238 1524 1352 1562 IMP.
1384 1524 1495 1561 SAL.

243 1599 346 1637 Cum
378 1599 516 1648 Capua
545 1599 769 1646 exissemus,
792 1599 833 1636 in
863 1598 1000 1637 itinere
1028 1598 1249 1637 audivimus
1281 1599 1513 1648 Pompeium

190 1663 401 1701 Brundisio
430 1677 462 1701 a.
496 1665 531 1701 d.
564 1675 636 1701 XVI
669 1665 719 1702 K.
752 1663 896 1712 Aprilis
931 1677 1021 1701 cum
1052 1663 1236 1701 omnibus
1267 1663 1389 1714 copiis
1419 1678 1514 1714 quas

190 1728 369 1765 babuerit
390 1730 609 1778 profectum
631 1741 716 1766 esse
731 1743 741 1775 ,-
772 1729 980 1767 Caesarem
1001 1736 1158 1777 postero
1180 1728 1243 1766 die
1264 1727 1303 1765 in
1324 1728 1513 1778 oppidum

190 1791 382 1840 introisse,
404 1793 675 1831 contionatum
706 1806 800 1839 esse,
826 1792 919 1830 inde
941 1794 1112 1830 Romam
1133 1792 1395 1839 contendisse,
1417 1795 1515 1831 velle

133 1870 171 1901 25
190 1865 280 1895 ante
296 1859 345 1895 K.
362 1872 446 1896 esse
462 1859 513 1896 ad
529 1859 666 1896 urbem
684 1866 721 1896 et
735 1859 924 1908 pauculos
941 1857 1024 1895 dies
1041 1857 1095 1896 ibi
1111 1857 1358 1904 commorari,
1370 1857 1515 1896 deinde

190 1920 230 1959 in
270 1922 483 1972 Hispanias
523 1922 727 1974 proficisci.
802 1922 928 1960 Nobis
968 1936 1050 1960 non
1085 1922 1259 1960 alienum
1289 1922 1414 1960 visum
1444 1932 1515 1970 est,

237 2038 249 2057 1
277 2032 328 2058 set
353 2029 514 2067 rescripta
538 2029 646 2059 attulit
674 2029 710 2060 1-.
728 2028 916 2068 (=Luc1'tts
938 2028 1067 2066 Cacsar,
1086 2028 1131 2058 ila
1161 2027 1326 2062 Tuus-tall>
1345 2027 1399 2058 illa
1425 2028 1514 2059 Sesti

192 2071 256 2103 (vel
270 2071 438 2110 σηστιιῑ)δη,
458 2073 493 2111 cs.
508 2073 562 2102 vii.
582 2083 628 2111 17.
644 2074 677 2101 2‘:
695 2084 702 2102 t
727 2083 766 2102 ea
783 2073 856 2101 misi
878 2072 956 2102 coni.
981 2071 1119 2110 Jjwvvll:
1145 2076 1197 2101 set
1224 2071 1385 2109 rescr1pta
1406 2073 1516 2102 attulit

192 2113 336 2144 Matius:
369 2125 410 2145 ea
435 2116 509 2145 misi
535 2116 692 2154 Madvzg:
722 2126 807 2154 quac
829 2116 997 2153 descripta
1016 2115 1125 2144 attulit
1146 2114 1188 2145 M.
1213 2115 1276 2145 (vel
1290 2115 1345 2153 C.)
1364 2115 1515 2153 Caesius,

190 2168 231 2187 ea
248 2158 321 2188 misi
338 2157 508 2189 Srltmz'dt:
543 2159 734 2198 descripta;
760 2169 845 2197 quae
868 2159 986 2194 attulit,
1007 2159 1063 2188 illa
1081 2169 1099 2188 e
1116 2158 1168 2187 via
1191 2158 1265 2187 misi
1288 2159 1365 2188 coni.
1391 2158 1514 2188 lsVesen-

189 2202 265 2242 betg
351 2207 428 2232 ante
451 2197 594 2232 ORPZb
612 2214 618 2232 :
652 2213 714 2232 om.
735 2207 762 2231 Δ
908 2213 945 2232 10
970 2203 1112 2241 quodam
1131 2201 1232 2231 Pius:
1264 2212 1408 2240 quonam
1427 2202 1512 2232 codd.

193 2254 230 2283 15
255 2244 439 2285 φιλαργύρῳ
462 2246 567 2276 bene!
597 2247 650 2286 (sc.
673 2246 890 2285 respondisti‘,
912 2247 970 2285 (μα’
983 2246 1068 2275 idem
1086 2256 1124 2275 ac
1139 2245 1345 2275 nummarius
1364 2250 1410 2282 (x.
1433 2255 1459 2276 1.
1477 2252 1511 2283 3)

185 2292 289 2328 potest
303 2299 374 2324 esse,
391 2290 468 2319 coni.
484 2289 568 2319 Reid
633 2290 755 2319 curasti
770 2300 797 2319 v.
811 2301 834 2319 c.
849 2288 876 2317 L
895 2290 1036 2329 (mmg.)
1051 2283 1094 2317 Zb
1111 2288 1216 2318 Crat.:
1238 2298 1303 2319 om.
1321 2291 1374 2318 ΣΔ
1477 2299 1512 2327 17

188 2332 280 2362 Hinc
294 2343 416 2362 novam
433 2333 606 2372 cpisfulmn
624 2333 863 2372 t'ncrfierepzctat
878 2332 994 2362 Zielzen
1149 2332 1243 2370 pueri
1263 2336 1339 2371 post
1358 2331 1463 2362 Matio
1480 2332 1513 2362 in

189 2375 273 2406 codd.
291 2387 296 2406 :
324 2380 445 2415 lransp.
463 2375 656 2416 Affalaspz'na
794 2387 831 2406 21
859 2375 1047 2405 audivimus
1067 2374 1237 2406 ORPM²s
1252 2386 1258 2405 :
1282 2375 1435 2405 audimus
1453 2375 1513 2413 M1,

189 2419 225 2457 cs.
242 2419 309 2449 viii.
328 2429 360 2449 11
382 2429 404 2449 D
421 2430 440 2458 3
573 2430 614 2458 23
639 2419 794 2449 habuerit
810 2419 896 2450 codd.
913 2430 919 2449 :
945 2419 1059 2449 habuit
1075 2419 1163 2459 vulg.
1288 2427 1329 2458 25
1352 2420 1513 2458 pauculos

191 2460 329 2493 O2M²s:
356 2463 474 2503 paulos
493 2463 590 2494 CMl:
615 2473 741 2503 paucos
760 2461 873 2493 O1RP
