1827 2798
140 82 249 120 XVI.
270 92 331 118 xv
664 80 719 117 M.
752 78 920 116 TVLLI
952 76 1258 116 CICERONIS

292 195 567 243 ‘Quamquam
602 190 708 228 enim
738 192 933 239 †postea†
964 187 1004 225 in
1038 187 1256 238 praesentia
1290 187 1391 227 belle
1422 186 1494 226 iste
1526 201 1623 238 puer

289 258 460 296 retundit
499 255 735 301 Antonium,
773 261 905 291 tamen
949 252 1096 291 exitum
1139 260 1363 303 exspectare
1405 253 1622 292 debemus.’

289 325 340 360 At
361 335 461 371 quae
482 320 639 358 contio!
671 333 762 357 nam
784 326 842 356 est
863 317 980 355 missa
1001 317 1109 355 mihi.
1160 318 1266 355 Iurat
1286 317 1339 355 ita
1359 316 1432 355 sibi
1452 317 1623 367 parentis

289 387 457 424 honores
474 383 664 433 consequi
684 382 800 421 liceat
819 389 858 420 et
870 381 986 419 simul
1003 383 1178 420 dextram
1195 381 1363 419 intendit
1375 382 1427 419 ad
1443 388 1623 420 statuam.

289 451 395 500 Μηδὲ
424 450 583 499 σωθείην
611 449 683 487 ὑπό
707 465 751 500 γε
778 447 967 486 τοιούτουῐ
1014 447 1105 493 Sed,
1126 454 1168 484 ut
1195 445 1340 492 Scribis,
1365 445 1623 484 certissimum
1646 460 1662 490 5

287 528 373 554 esse
410 514 527 553 video
565 513 777 552 discrimen
817 513 967 551 Cascae
1006 510 1127 549 nostri
1166 510 1419 557 tribunatum,
1456 512 1506 549 de
1545 524 1625 560 quo

288 579 450 630 quidem
471 579 557 629 ipso
578 578 657 616 dixi
676 577 820 627 Oppio,
837 590 927 615 cum
950 590 1012 614 me
1033 577 1251 614 hortaretur
1266 583 1309 613 ut
1329 577 1624 614 adulescentem

288 652 492 694 totamque
513 657 672 681 causam
694 655 937 691 manumque
957 650 1230 679 veteranorum
1251 642 1543 691 complecterer,
1562 655 1625 679 me

291 711 398 747 nullo
426 710 547 747 modo
569 710 695 746 facere
716 720 843 758 posse,
867 707 912 744 ni
929 705 1025 744 mihi
1046 708 1288 755 exploratum
1310 713 1411 744 esset
1432 719 1522 743 eum
1544 720 1624 744 non

290 776 410 813 modo
445 788 526 813 non
560 773 766 811 inimicum
801 772 1096 822 tyrannoctonis
1127 785 1262 809 verum
1300 771 1418 809 etiarn
1452 770 1625 809 amicum
1647 782 1687 804 10

288 842 380 878 fore.
440 841 544 879 Cum
579 839 642 877 ille
677 838 825 877 diceret
858 838 911 876 ita
945 839 1130 884 futurum,
1159 836 1291 886 ‘Quid
1325 836 1439 886 igitur
1472 836 1626 874 festina-

290 907 427 944 mus?'
456 905 632 955 inquam.
693 903 777 942 ‘Illi
803 903 909 942 enim
937 917 1024 941 mea
1051 916 1170 952 opera
1195 909 1287 940 ante
1309 903 1397 939 Kal.
1422 902 1505 939 Ian.
1528 901 1627 939 nihil

290 984 390 1021 opus
421 978 490 1017 est,
516 984 589 1008 nos
623 978 756 1008 autem
789 968 872 1007 eius
900 970 1145 1006 voluntatem
1175 974 1267 1005 ante
1291 968 1388 1005 Idus
1415 967 1625 1005 Decembr.

292 1036 572 1086 perspiciemus
599 1035 638 1073 in
661 1036 810 1074 Cnseas
868 1035 995 1071 Valde
1024 1032 1121 1071 mihi
1147 1033 1338 1072 adsensus
1367 1040 1435 1070 est.
1496 1034 1628 1080 Quam

292 1103 345 1140 ob
365 1116 447 1140 rem
466 1103 564 1140 haec
585 1101 747 1151 quidem
767 1101 968 1138 hactenus.
1030 1099 1152 1147 Quod
1176 1097 1370 1147 reliquum
1391 1105 1459 1143 est,
1483 1096 1629 1135 cotidie
1652 1109 1687 1140 ¹5

292 1166 514 1205 tabellarios
545 1165 710 1204 habebis
742 1173 790 1212 et,
818 1172 860 1203 ut
890 1178 963 1214 ego
993 1163 1171 1211 arbitror,
1195 1162 1314 1201 etiam
1343 1162 1453 1212 quod
1482 1161 1628 1200 scribas

293 1231 458 1270 habebis
486 1231 642 1270 cotidie.
704 1232 852 1280 Leptae
878 1229 1093 1267 litterarum
1121 1229 1346 1278 exemplum
1370 1227 1441 1266 tibi
1466 1226 1554 1265 misi
1583 1241 1630 1265 ex

292 1310 373 1346 quo
403 1296 498 1334 mihi
530 1296 683 1334 videtur
709 1295 952 1345 στρατύλλαξ
979 1293 1043 1331 ille
1071 1293 1249 1331 deiectus
1277 1294 1328 1331 de
1357 1293 1489 1342 gradu.
1552 1292 1629 1330 Sed

294 1370 347 1409 tu,
369 1376 460 1400 cum
481 1360 628 1411 legeris,
651 1359 902 1398 existimabis.

247 1436 275 1474 4
348 1426 567 1477 Obsignata
600 1426 678 1464 iam
710 1425 877 1476 epistula
908 1424 1053 1463 litteras
1086 1438 1109 1462 a
1140 1432 1178 1462 te
1209 1431 1247 1462 et
1275 1437 1298 1461 a
1333 1424 1451 1461 Sexto
1481 1421 1626 1472 accepi.
1651 1437 1691 1457 20

294 1492 404 1530 Nihil
434 1491 644 1530 iucundius
673 1490 809 1529 litteris
841 1490 960 1537 Sexti,
991 1489 1090 1527 nihil
1122 1488 1340 1527 amabilius.
1401 1488 1505 1525 Nam
1540 1494 1630 1525 tuae

294 1558 441 1605 breves,
474 1557 620 1608 priores
652 1564 761 1595 erant
798 1554 980 1608 [litterae]
1016 1554 1246 1593 uberrimae.
1305 1555 1369 1591 Tu
1401 1553 1562 1603 quidem
1577 1560 1630 1595 ,et

293 1624 506 1674 prudenter
532 1629 569 1660 et
599 1621 725 1660 amice
755 1622 896 1659 suades
923 1628 966 1659 ut
992 1620 1032 1658 in
1058 1620 1118 1658 his
1145 1619 1242 1658 locis
1265 1618 1515 1669 potissimum
1542 1618 1630 1665 sim,

295 1690 428 1738 quoad
448 1688 654 1726 audiamus
682 1688 779 1724 haec
801 1700 902 1735 quae
926 1692 1127 1723 commota
1151 1692 1241 1722 sunt
1261 1697 1426 1733 quorsus
1447 1685 1626 1722 evadant.

251 1762 276 1800 5
296 1755 374 1792 Sed
403 1766 476 1799 me,
504 1752 556 1790 mi
584 1752 725 1799 Attice,
752 1765 833 1789 non
865 1765 958 1789 sane
988 1752 1065 1789 hoc
1095 1749 1257 1800 quidem
1290 1756 1467 1798 tempore
1496 1755 1628 1786 movet
1650 1762 1689 1793 25

294 1832 355 1857 res
380 1817 549 1868 publica,
573 1831 653 1855 non
678 1830 758 1866 quo
787 1824 854 1854 aut
881 1815 928 1853 sit
949 1815 1045 1853 mihi
1066 1815 1279 1865 quicquam
1306 1813 1431 1851 carius
1457 1820 1524 1851 aut
1544 1826 1629 1850 esse

294 1884 439 1922 debeat
460 1884 530 1920 sed
550 1881 765 1932 desperatis
789 1881 907 1920 etiam
931 1880 1196 1930 Hippocrates
1216 1886 1320 1917 vetat
1344 1878 1533 1916 adhibere
1554 1892 1631 1916 me-

294 1949 478 1988 dicinam.
522 1949 612 1996 Qua
627 1962 667 1986 re
680 1948 753 1985 ista
765 1949 945 1994 valeant3
969 1961 1032 1984 me
1048 1960 1107 1984 res
1124 1944 1321 1983 familiaris
1338 1952 1480 1982 movet.
1527 1945 1630 1982 Rem

295 2014 416 2053 dico?
442 2014 565 2051 immo
585 2027 677 2051 vero
698 2012 942 2051 existimatio.
999 2013 1102 2050 Cum
1123 2010 1229 2049 enim
1251 2018 1359 2047 tanta
1384 2009 1533 2059 reliqua
1553 2008 1630 2047 sint

298 2079 403 2126 mihi,
431 2093 480 2117 ne
505 2078 714 2116 Terentiae
739 2077 902 2127 quidem
929 2078 1062 2114 adhuc
1090 2076 1200 2125 quod
1226 2076 1375 2112 solvam
1402 2073 1630 2124 expeditum
1650 2087 1690 2117 30

344 2196 355 2214 1
383 2188 496 2224 potest
523 2184 577 2223 (sc.
605 2182 784 2221 retundere)
811 2187 844 2213 et
870 2181 1070 2212 Gronovius:
1096 2181 1234 2220 prodest
1259 2184 1293 2210 et
1317 2178 1457 2209 Schelle:
1483 2189 1543 2218 pro
1569 2188 1630 2208 sua

296 2232 390 2267 parte
407 2227 487 2258 coni.
510 2227 652 2257 Miiller:
676 2237 737 2266 pro
755 2237 790 2256 re
808 2230 888 2256 nata
903 2225 1057 2255 Sclnm'dt
1187 2235 1208 2263 9
1230 2224 1263 2253 ni
1281 2222 1356 2252 add.
1370 2222 1469 2253 Rom.
1592 2231 1630 2261 14

297 2272 546 2310 perspiciemus
564 2270 641 2301 Vict.
661 2282 668 2300 :
694 2270 902 2309 persciemus
921 2268 989 2299 CM
1078 2268 1118 2298 16
1141 2268 1230 2307 quod
1243 2265 1272 2295 L
1291 2266 1429 2306 (margi
1448 2276 1453 2296 :
1486 2265 1567 2304 quid
1593 2264 1634 2294 M

301 2315 338 2344 18
362 2312 569 2353 στρατύλλαξ
587 2314 728 2344 Rosius:
754 2313 922 2344 stratillax
939 2311 982 2342 M
1095 2321 1136 2342 22
1161 2311 1294 2342 litterae
1321 2309 1379 2340 del.
1402 2308 1496 2340 Man.
1587 2317 1632 2347 30

298 2357 379 2388 mihi
398 2360 422 2389 Σ
436 2357 523 2389 Crat.
541 2368 548 2387 :
573 2367 638 2388 om.
659 2362 687 2387 Δ
