1827 2798
182 111 278 149 XII.
296 111 406 149 xxvi
672 113 727 150 M.
759 112 929 149 TVLLI
960 112 1267 152 CICERONIS

303 222 376 261 bus
396 222 558 273 ignosco
579 235 728 271 eaeque
754 220 850 259 mihi
878 229 969 260 sunt
995 230 1123 261 notae.
1184 224 1248 262 De
1266 225 1470 263 voluntate
1495 232 1563 263 tua
1589 233 1632 263 ut

255 298 280 326 2
301 286 417 324 simul
437 286 558 324 simus
574 287 635 324 vel
656 285 788 324 studio
809 286 939 336 potius
960 294 999 325 et
1019 287 1235 337 cupiditate
1255 302 1337 326 non
1357 289 1508 328 dubito.
1569 291 1631 327 De

300 351 415 389 Nicia
441 352 550 400 quod
577 350 725 398 scribiS,
748 351 781 389 si
809 351 863 389 ita
892 365 955 390 me
984 352 1172 390 haberem
1201 360 1245 391 ut
1273 353 1356 391 eius
1385 353 1630 392 humanitate

297 415 371 453 frui
400 428 569 465 possem,
599 415 639 453 in
668 415 802 466 primis
832 418 972 455 vellem
1006 416 1115 454 illum
1148 431 1305 456 mecum
1336 419 1492 457 habere.
1551 419 1631 457 Sed

297 480 395 518 mihi
424 480 597 519 solitudo
624 488 663 519 et
691 494 867 519 recessus
896 481 1098 531 provincia
1127 490 1196 520 est.
1256 483 1377 531 Quod
1399 482 1491 532 quia
1516 482 1629 522 facile
1651 499 1667 529 5

295 546 445 583 ferebat
476 545 599 592 Sicca,
631 559 679 583 eo
711 545 833 595 magis
873 545 983 584 illum
1022 546 1216 585 desidero.
1287 549 1492 586 Praeterea
1524 547 1629 586 nosti

296 609 436 648 Niciae
484 609 607 648 nostri
655 610 980 659 imbecillitatem,
1028 611 1246 659 mollitiam,
1297 612 1629 650 consuetudinem

295 673 431 712 victus.
492 675 572 714 Cur
603 688 695 724 ergo
726 674 780 712 illi
813 676 1002 713 molestus
1036 690 1121 714 esse
1152 676 1281 724 velim,
1311 691 1402 715 cum
1437 677 1533 715 mibi
1565 677 1628 716 ille

295 738 492 777 iucundus
513 752 598 777 esse
619 752 700 777 non
720 739 875 788 possit?
930 742 1125 779 Voluntas
1147 748 1280 779 tamen
1300 741 1383 779 eius
1405 741 1501 779 mihi
1521 750 1628 791 grata

294 811 363 843 est.
422 805 554 841 Vnam
575 817 656 841 rem
676 804 727 842 ad
748 817 812 842 me
838 803 1049 854 scripsisti3
1077 806 1129 843 de
1149 818 1228 855 qua
1253 805 1409 844 decrevi
1432 806 1530 844 nihil
1556 806 1627 844 tibi
1650 822 1686 843 10

294 867 517 906 rescribere.
578 869 701 918 Spero
725 867 831 905 enim
853 882 917 906 me
936 882 960 906 a
980 876 1018 907 te
1039 868 1269 919 impetrasse
1295 877 1338 908 ut
1364 869 1534 921 privares
1563 884 1626 909 me

294 931 368 971 ista
388 932 577 970 molestia.
637 932 760 971 Piliae
780 940 819 971 et
839 932 995 972 Atticae
1016 935 1192 973 salutern.

337 1039 517 1074 XXVII
627 1040 696 1074 Ser.
716 1042 864 1073 Asturae
879 1054 903 1073 x
917 1043 960 1074 K.
980 1042 1014 1072 A
1014 1049 1065 1084 pr.
1084 1054 1114 1075 cz.
1137 1055 1195 1085 709
1216 1044 1297 1087 (45).

704 1119 877 1151 CICERO
906 1120 1087 1152 ATTICO
1115 1120 1222 1153 SAL.

258 1201 279 1231 1
350 1194 413 1231 De
434 1192 581 1231 Siliano
600 1192 772 1242 negotio,
795 1192 868 1231 etsi
897 1192 994 1231 mihi
1018 1207 1099 1231 non
1126 1201 1184 1231 est
1205 1194 1338 1243 ignota
1359 1194 1553 1242 condicio,
1572 1203 1624 1233 ta·
1646 1212 1682 1243 15

295 1271 387 1296 men
408 1257 528 1296 hodie
550 1271 614 1296 me
637 1271 685 1295 ex
714 1257 827 1296 Sicca
855 1257 1020 1296 arbitror
1049 1258 1184 1296 omnia
1212 1259 1472 1307 cogniturum.
1533 1261 1625 1299 Cot-

293 1330 355 1360 tae
384 1323 494 1372 quod
524 1335 644 1371 negas
674 1329 713 1360 te
742 1335 870 1369 nosse,
903 1324 1003 1360 ultra
1033 1322 1220 1361 Silianam
1241 1323 1373 1361 villam
1403 1332 1471 1371 est,
1504 1338 1624 1374 quam

292 1395 389 1436 puto
423 1386 494 1424 tibi
523 1394 659 1424 notam
689 1400 785 1433 esse,
817 1386 951 1424 villula
980 1387 1139 1425 sordida
1169 1395 1208 1425 et
1238 1389 1353 1426 valde
1386 1388 1537 1439 pusilla,
1569 1389 1625 1427 nil

291 1451 381 1502 agri,
408 1452 459 1490 ad
493 1453 642 1489 nullam
672 1465 754 1489 rem
784 1451 861 1490 loci
892 1451 984 1490 satis
1014 1452 1087 1490 nisi
1116 1454 1168 1491 ad
1197 1466 1284 1491 eam
1314 1467 1433 1503 quam
1464 1467 1620 1504 quaero.

293 1519 445 1567 Sequor
474 1516 754 1555 celebritatem.
815 1518 893 1556 Sed
924 1517 955 1556 si
985 1517 1183 1568 perficitur
1212 1519 1263 1557 de
1292 1519 1414 1557 hortis
1444 1519 1526 1566 Sili,
1546 1521 1623 1558 hoc
1644 1535 1683 1556 20

292 1590 351 1621 est
385 1582 416 1620 si
448 1581 602 1631 perficis
637 1581 712 1632 <est
744 1581 850 1620 enim
881 1590 1009 1621 totum
1048 1583 1221 1634 positum
1255 1583 1295 1622 in
1331 1584 1397 1635 te),
1434 1584 1531 1623 nibil
1565 1593 1623 1624 est

293 1646 441 1684 scilicet
461 1648 569 1696 quod
591 1647 641 1685 de
663 1647 805 1686 Cottae
827 1647 1054 1697 cogitemus.

248 1720 272 1747 2
349 1713 410 1750 De
445 1711 639 1750 Cicerone
668 1719 710 1749 ut
739 1712 875 1750 scribis
910 1712 963 1750 ita
994 1713 1134 1751 faciam
1152 1728 1163 1761 3
1205 1713 1279 1764 ipsi
1314 1715 1536 1764 permittam
1572 1717 1623 1755 de

293 1784 480 1825 tempore.
541 1777 807 1814 Nummorum
829 1785 1020 1826 quantum
1042 1791 1142 1827 opus
1163 1779 1234 1817 erit
1255 1788 1296 1817 ut
1317 1788 1560 1829 permutetur
1579 1789 1622 1819 tu

291 1840 454 1879 videbis.
514 1842 573 1878 Ex
594 1840 738 1879 Aledio
759 1843 867 1891 quod
892 1842 1038 1880 scribas
1065 1843 1096 1881 si
1123 1844 1220 1893 quid
1246 1844 1440 1883 inveneris
1461 1845 1617 1885 scribes.
1642 1859 1679 1890 25

292 1907 343 1943 Et
372 1919 445 1955 ego
475 1919 521 1943 ex
552 1905 626 1944 tuis
656 1906 928 1945 animadverto
953 1907 1089 1946 litteris
1111 1916 1148 1946 et
1169 1911 1346 1958 profecto
1376 1918 1417 1948 tu
1448 1925 1494 1949 ex
1523 1911 1620 1949 meis

290 1970 387 2008 nihil
409 1970 555 2008 habere
581 1984 654 2009 nos
679 1972 788 2021 quod
816 1971 1056 2011 scribamus:
1087 1974 1226 2011 eadem
1254 1974 1400 2012 cotidie
1421 1988 1522 2024 quae
1543 1975 1620 2013 iam

335 2084 354 2103 2
380 2073 431 2103 De
459 2073 556 2104 Nicia
574 2098 581 2105 .
601 2098 608 2105 .
629 2097 637 2105 .
657 2078 755 2113 grata
782 2079 832 2105 est
861 2075 894 2105 (l.
917 2075 980 2106 103
1009 2075 1102 2106 habet
1126 2076 1320 2116 plerumque
1347 2077 1526 2108 Suetonius
1551 2078 1622 2108 ‘De

293 2116 544 2147 Gr‹1nz›11c1t1·m·s’
566 2128 603 2156 14
747 2127 766 2156 5
791 2118 980 2159 provincia]
1009 2130 1070 2158 pro
1099 2120 1191 2150 victu
1217 2120 1348 2159 Kayser
1433 2121 1533 2159 Quod
1551 2145 1559 2152 .
1579 2145 1586 2152 .
1608 2146 1616 2152 .

291 2161 449 2190 desidero
473 2172 538 2192 om.
565 2160 745 2191 Suetonius
877 2172 894 2201 7
920 2162 1129 2193 mollitiemI
1278 2165 1298 2193 8
1323 2175 1398 2194 esse
1422 2164 1444 2194 I
1461 2169 1490 2194 et
1506 2164 1619 2196 suen:

291 2214 356 2234 om.
376 2203 417 2233 M
501 2204 601 2234 velim
618 2228 625 2235 .
647 2229 653 2235 .
671 2228 678 2235 .
701 2215 770 2235 non
794 2215 859 2235 om.
886 2204 1063 2236 Suetonius
1217 2218 1238 2246 9
1262 2208 1387 2246 possim
1409 2208 1476 2247 (vel
1490 2218 1555 2238 -em
1573 2208 1623 2238 vel

290 2247 374 2285 -um)
405 2247 518 2277 codices
545 2248 684 2278 Suelom'
827 2250 865 2278 16
898 2249 1020 2280 Cottae
1050 2245 1145 2280 CZb:
1186 2256 1282 2281 cocte
1315 2251 1432 2282 ORP:
1468 2256 1559 2281 certe
1591 2256 1619 2281 Δ

294 2300 333 2327 19
357 2290 420 2320 nisi
442 2291 651 2331 lVesenberg:
685 2291 766 2321 nihil
790 2291 879 2321 codd.
1043 2303 1084 2323 22
1109 2294 1229 2324 Cottae
1254 2294 1399 2325 Mz'e'ller:
1435 2294 1534 2325 Cotta
1559 2294 1622 2333 (vel

293 2334 401 2376 cocta)
421 2334 509 2365 codd.
644 2344 685 2374 25
709 2334 837 2365 scribas
859 2334 1061 2376 lvVesenberg:
1089 2337 1206 2367 scribis
1219 2337 1307 2369 codd.
