<?xml version="1.0" encoding="UTF-8"?>
<!DOCTYPE html PUBLIC "-//W3C//DTD XHTML 1.0 Transitional//EN"
    "http://www.w3.org/TR/xhtml1/DTD/xhtml1-transitional.dtd">
<html xmlns="http://www.w3.org/1999/xhtml" xml:lang="en" lang="en">
 <head>
  <title>
</title>
<meta http-equiv="Content-Type" content="text/html;charset=utf-8" />
  <meta name='ocr-system' content='tesseract 3.04.00' />
  <meta name='ocr-capabilities' content='ocr_page ocr_carea ocr_par ocr_line ocrx_word'/>
</head>
<body>
  <div class='ocr_page' id='page_1' title='image "./epistulaerecogno0202ciceuoft_0079.png"; bbox 0 0 1827 2798; ppageno 0'>
   <div class='ocr_carea' id='block_1_1' title="bbox 143 559 160 589">
    <p class='ocr_par' dir='ltr' id='par_1_1' title="bbox 143 559 160 589">
     <span class='ocr_line' id='line_1_1' title="bbox 143 559 160 589; baseline 0 0"><span class='ocrx_word' id='word_1_1' title='bbox 143 559 160 589; x_wconf 88' lang='lat'>5</span> 
     </span>
    </p>
   </div>
   <div class='ocr_carea' id='block_1_2' title="bbox 603 174 1617 214">
    <p class='ocr_par' dir='ltr' id='par_1_2' title="bbox 603 174 1617 214">
     <span class='ocr_line' id='line_1_2' title="bbox 603 174 1617 214; baseline -0.001 -2"><span class='ocrx_word' id='word_1_2' title='bbox 603 175 715 212; x_wconf 88' lang='lat' dir='ltr'>EPP.</span> <span class='ocrx_word' id='word_1_3' title='bbox 749 176 825 213; x_wconf 70' lang='lat' dir='ltr'>AD</span> <span class='ocrx_word' id='word_1_4' title='bbox 854 175 1113 214; x_wconf 70' lang='lat' dir='ltr'><strong>ATTICVM</strong></span> <span class='ocrx_word' id='word_1_5' title='bbox 1453 176 1500 213; x_wconf 83' lang='lat' dir='ltr'>X.</span> <span class='ocrx_word' id='word_1_6' title='bbox 1520 174 1617 211; x_wconf 82' lang='lat' dir='ltr'>xiia</span> 
     </span>
    </p>
   </div>
   <div class='ocr_carea' id='block_1_3' title="bbox 174 283 1627 854">
    <p class='ocr_par' dir='ltr' id='par_1_3' title="bbox 174 283 1627 854">
     <span class='ocr_line' id='line_1_3' title="bbox 184 283 1506 335; baseline 0.002 -14"><span class='ocrx_word' id='word_1_7' title='bbox 184 291 220 321; x_wconf 91' lang='lat' dir='ltr'>et</span> <span class='ocrx_word' id='word_1_8' title='bbox 245 285 390 330; x_wconf 90' lang='lat' dir='ltr'>dolore,</span> <span class='ocrx_word' id='word_1_9' title='bbox 415 283 445 322; x_wconf 89' lang='lat' dir='ltr'>si</span> <span class='ocrx_word' id='word_1_10' title='bbox 473 286 685 335; x_wconf 75' lang='lat' dir='ltr'>neglegam,</span> <span class='ocrx_word' id='word_1_11' title='bbox 710 285 924 335; x_wconf 84' lang='lat' dir='ltr'>periculum</span> <span class='ocrx_word' id='word_1_12' title='bbox 952 285 999 323; x_wconf 90' lang='lat' dir='ltr'>sit</span> <span class='ocrx_word' id='word_1_13' title='bbox 1026 300 1075 324; x_wconf 89' lang='lat' dir='ltr'>ne</span> <span class='ocrx_word' id='word_1_14' title='bbox 1102 285 1141 323; x_wconf 91' lang='lat' dir='ltr'>in</span> <span class='ocrx_word' id='word_1_15' title='bbox 1170 299 1308 324; x_wconf 89' lang='lat' dir='ltr'>manus</span> <span class='ocrx_word' id='word_1_16' title='bbox 1335 284 1506 323; x_wconf 81' lang='lat' dir='ltr'>incidam</span> 
     </span>
     <span class='ocr_line' id='line_1_4' title="bbox 174 348 1505 400; baseline 0.002 -15"><span class='ocrx_word' id='word_1_17' title='bbox 174 348 434 398; x_wconf 79' lang='lat' dir='ltr'>perditorum.</span> <span class='ocrx_word' id='word_1_18' title='bbox 477 352 554 388; x_wconf 98' lang='lat' dir='ltr'>Sed</span> <span class='ocrx_word' id='word_1_19' title='bbox 571 350 659 389; x_wconf 80' lang='lat' dir='ltr'>vide</span> <span class='ocrx_word' id='word_1_20' title='bbox 681 351 835 400; x_wconf 84' lang='lat' dir='ltr'>quantis</span> <span class='ocrx_word' id='word_1_21' title='bbox 857 350 896 388; x_wconf 88' lang='lat' dir='ltr'>in</span> <span class='ocrx_word' id='word_1_22' title='bbox 917 350 1079 388; x_wconf 89' lang='lat' dir='ltr'>miseriis</span> <span class='ocrx_word' id='word_1_23' title='bbox 1101 350 1232 389; x_wconf 88' lang='lat' dir='ltr'>simus.</span> <span class='ocrx_word' id='word_1_24' title='bbox 1275 352 1505 400; x_wconf 84' lang='lat' dir='ltr'>Optandum</span> 
     </span>
     <span class='ocr_line' id='line_1_5' title="bbox 182 412 1507 466; baseline 0.003 -16"><span class='ocrx_word' id='word_1_25' title='bbox 182 412 379 452; x_wconf 87' lang='lat' dir='ltr'>interdum</span> <span class='ocrx_word' id='word_1_26' title='bbox 413 415 566 452; x_wconf 81' lang='lat' dir='ltr'>videtur</span> <span class='ocrx_word' id='word_1_27' title='bbox 600 424 642 454; x_wconf 90' lang='lat' dir='ltr'>ut</span> <span class='ocrx_word' id='word_1_28' title='bbox 670 416 841 464; x_wconf 79' lang='lat' dir='ltr'>aliquam</span> <span class='ocrx_word' id='word_1_29' title='bbox 869 416 1108 466; x_wconf 78' lang='lat' dir='ltr'>accipiamus</span> <span class='ocrx_word' id='word_1_30' title='bbox 1138 417 1188 453; x_wconf 89' lang='lat' dir='ltr'>ab</span> <span class='ocrx_word' id='word_1_31' title='bbox 1218 416 1299 454; x_wconf 85' lang='lat' dir='ltr'>istis</span> <span class='ocrx_word' id='word_1_32' title='bbox 1329 416 1507 466; x_wconf 77' lang='lat' dir='ltr'>quamvis</span> 
     </span>
     <span class='ocr_line' id='line_1_6' title="bbox 181 478 1503 529; baseline 0.003 -14"><span class='ocrx_word' id='word_1_33' title='bbox 181 479 363 516; x_wconf 76' lang='lat' dir='ltr'>acerbam</span> <span class='ocrx_word' id='word_1_34' title='bbox 401 478 592 526; x_wconf 84' lang='lat' dir='ltr'>iniuriam,</span> <span class='ocrx_word' id='word_1_35' title='bbox 635 488 677 518; x_wconf 84' lang='lat' dir='ltr'>ut</span> <span class='ocrx_word' id='word_1_36' title='bbox 715 488 879 529; x_wconf 80' lang='lat' dir='ltr'>tyranno</span> <span class='ocrx_word' id='word_1_37' title='bbox 922 480 961 518; x_wconf 89' lang='lat' dir='ltr'>in</span> <span class='ocrx_word' id='word_1_38' title='bbox 1001 481 1094 518; x_wconf 92' lang='lat' dir='ltr'>odio</span> <span class='ocrx_word' id='word_1_39' title='bbox 1137 480 1254 519; x_wconf 89' lang='lat' dir='ltr'>fuisse</span> <span class='ocrx_word' id='word_1_40' title='bbox 1292 481 1503 520; x_wconf 86' lang='lat' dir='ltr'>videamur.</span> 
     </span>
     <span class='ocr_line' id='line_1_7' title="bbox 182 543 1627 599; baseline 0.004 -20"><span class='ocrx_word' id='word_1_41' title='bbox 182 543 303 590; x_wconf 86' lang='lat' dir='ltr'>Quod</span> <span class='ocrx_word' id='word_1_42' title='bbox 324 543 354 581; x_wconf 87' lang='lat' dir='ltr'>si</span> <span class='ocrx_word' id='word_1_43' title='bbox 380 544 494 582; x_wconf 73' lang='lat' dir='ltr'>nobis</span> <span class='ocrx_word' id='word_1_44' title='bbox 522 545 553 582; x_wconf 83' lang='lat' dir='ltr'>is</span> <span class='ocrx_word' id='word_1_45' title='bbox 584 559 717 583; x_wconf 84' lang='lat' dir='ltr'>cursus</span> <span class='ocrx_word' id='word_1_46' title='bbox 748 559 865 595; x_wconf 82' lang='lat' dir='ltr'>quem</span> <span class='ocrx_word' id='word_1_47' title='bbox 887 559 1081 595; x_wconf 86' lang='lat' dir='ltr'>speraram</span> <span class='ocrx_word' id='word_1_48' title='bbox 1102 553 1260 595; x_wconf 87' lang='lat' dir='ltr'>pateret,</span> <span class='ocrx_word' id='word_1_49' title='bbox 1291 547 1504 585; x_wconf 84' lang='lat' dir='ltr'>effecissem</span> <span class='ocrx_word' id='word_1_50' title='bbox 1527 557 1550 584; x_wconf 91' lang='lat'><em>2</em></span> <span class='ocrx_word' id='word_1_51' title='bbox 1573 548 1627 599; x_wconf 69' lang='lat'>(5)</span> 
     </span>
     <span class='ocr_line' id='line_1_8' title="bbox 180 607 1507 660; baseline 0.004 -17"><span class='ocrx_word' id='word_1_52' title='bbox 180 607 330 656; x_wconf 79' lang='lat' dir='ltr'>aliquid</span> <span class='ocrx_word' id='word_1_53' title='bbox 364 610 550 658; x_wconf 81' lang='lat' dir='ltr'>profecto,</span> <span class='ocrx_word' id='word_1_54' title='bbox 587 618 630 648; x_wconf 87' lang='lat' dir='ltr'>ut</span> <span class='ocrx_word' id='word_1_55' title='bbox 664 617 704 647; x_wconf 87' lang='lat' dir='ltr'>tu</span> <span class='ocrx_word' id='word_1_56' title='bbox 740 618 851 659; x_wconf 90' lang='lat' dir='ltr'>optas</span> <span class='ocrx_word' id='word_1_57' title='bbox 886 618 922 648; x_wconf 92' lang='lat' dir='ltr'>et</span> <span class='ocrx_word' id='word_1_58' title='bbox 962 610 1136 656; x_wconf 79' lang='lat' dir='ltr'>hortaris,</span> <span class='ocrx_word' id='word_1_59' title='bbox 1174 610 1335 660; x_wconf 80' lang='lat' dir='ltr'>dignum</span> <span class='ocrx_word' id='word_1_60' title='bbox 1376 620 1507 649; x_wconf 87' lang='lat' dir='ltr'>nostra</span> 
     </span>
     <span class='ocr_line' id='line_1_9' title="bbox 180 674 1507 726; baseline 0.004 -17"><span class='ocrx_word' id='word_1_61' title='bbox 180 685 300 710; x_wconf 88' lang='lat' dir='ltr'>mora.</span> <span class='ocrx_word' id='word_1_62' title='bbox 371 674 448 711; x_wconf 89' lang='lat' dir='ltr'>Sed</span> <span class='ocrx_word' id='word_1_63' title='bbox 484 674 670 713; x_wconf 83' lang='lat' dir='ltr'>mirificae</span> <span class='ocrx_word' id='word_1_64' title='bbox 706 682 797 712; x_wconf 89' lang='lat' dir='ltr'>sunt</span> <span class='ocrx_word' id='word_1_65' title='bbox 831 674 1034 713; x_wconf 77' lang='lat' dir='ltr'>custodiae</span> <span class='ocrx_word' id='word_1_66' title='bbox 1063 682 1101 713; x_wconf 89' lang='lat' dir='ltr'>et</span> <span class='ocrx_word' id='word_1_67' title='bbox 1135 675 1296 724; x_wconf 86' lang='lat' dir='ltr'>quidem</span> <span class='ocrx_word' id='word_1_68' title='bbox 1332 675 1394 714; x_wconf 92' lang='lat' dir='ltr'>ille</span> <span class='ocrx_word' id='word_1_69' title='bbox 1424 675 1507 726; x_wconf 86' lang='lat' dir='ltr'>ipse</span> 
     </span>
     <span class='ocr_line' id='line_1_10' title="bbox 182 737 1503 789; baseline 0.003 -15"><span class='ocrx_word' id='word_1_70' title='bbox 182 737 302 775; x_wconf 91' lang='lat' dir='ltr'>Curio</span> <span class='ocrx_word' id='word_1_71' title='bbox 336 747 551 787; x_wconf 85' lang='lat' dir='ltr'>suspectus.</span> <span class='ocrx_word' id='word_1_72' title='bbox 611 741 702 787; x_wconf 84' lang='lat' dir='ltr'>Qua</span> <span class='ocrx_word' id='word_1_73' title='bbox 735 754 774 777; x_wconf 94' lang='lat' dir='ltr'>re</span> <span class='ocrx_word' id='word_1_74' title='bbox 803 738 839 776; x_wconf 84' lang='lat' dir='ltr'>vi</span> <span class='ocrx_word' id='word_1_75' title='bbox 868 747 935 777; x_wconf 87' lang='lat' dir='ltr'>aut</span> <span class='ocrx_word' id='word_1_76' title='bbox 964 741 1063 777; x_wconf 84' lang='lat' dir='ltr'>elam</span> <span class='ocrx_word' id='word_1_77' title='bbox 1093 741 1290 789; x_wconf 84' lang='lat' dir='ltr'>agendum</span> <span class='ocrx_word' id='word_1_78' title='bbox 1321 749 1377 778; x_wconf 89' lang='lat' dir='ltr'>est</span> <span class='ocrx_word' id='word_1_79' title='bbox 1407 748 1444 779; x_wconf 93' lang='lat' dir='ltr'>et</span> <span class='ocrx_word' id='word_1_80' title='bbox 1475 740 1503 779; x_wconf 88' lang='lat' dir='ltr'>si</span> 
     </span>
     <span class='ocr_line' id='line_1_11' title="bbox 180 800 1504 854; baseline 0.002 -14"><span class='ocrx_word' id='word_1_81' title='bbox 180 800 246 840; x_wconf 65' lang='lat' dir='ltr'>’lvi</span> <span class='ocrx_word' id='word_1_82' title='bbox 266 802 365 840; x_wconf 89' lang='lat' dir='ltr'>forte</span> <span class='ocrx_word' id='word_1_83' title='bbox 385 816 435 840; x_wconf 91' lang='lat' dir='ltr'>ne</span> <span class='ocrx_word' id='word_1_84' title='bbox 459 817 549 840; x_wconf 84' lang='lat' dir='ltr'>cum</span> <span class='ocrx_word' id='word_1_85' title='bbox 570 811 720 853; x_wconf 81' lang='lat' dir='ltr'>pestate</span> <span class='ocrx_word' id='word_1_86' title='bbox 744 805 914 841; x_wconf 87' lang='lat' dir='ltr'>clamaut</span> <span class='ocrx_word' id='word_1_87' title='bbox 934 803 1116 843; x_wconf 86' lang='lat' dir='ltr'>emistis†.</span> <span class='ocrx_word' id='word_1_88' title='bbox 1178 806 1224 841; x_wconf 92' lang='lat' dir='ltr'>In</span> <span class='ocrx_word' id='word_1_89' title='bbox 1246 818 1324 854; x_wconf 85' lang='lat' dir='ltr'>quo</span> <span class='ocrx_word' id='word_1_90' title='bbox 1345 805 1374 842; x_wconf 92' lang='lat' dir='ltr'>si</span> <span class='ocrx_word' id='word_1_91' title='bbox 1397 807 1504 854; x_wconf 82' lang='lat' dir='ltr'>quod</span> 
     </span>
    </p>
   </div>
   <div class='ocr_carea' id='block_1_4' title="bbox 121 867 1503 919">
    <p class='ocr_par' dir='ltr' id='par_1_4' title="bbox 121 867 1503 919">
     <span class='ocr_line' id='line_1_12' title="bbox 121 867 1503 919; baseline 0.001 -15"><span class='ocrx_word' id='word_1_92' title='bbox 121 880 162 904; x_wconf 81' lang='grc' dir='ltr'>ιο</span> <span class='ocrx_word' id='word_1_93' title='bbox 180 868 353 916; x_wconf 76' lang='grc' dir='ltr'>σφάλμα,</span> <span class='ocrx_word' id='word_1_94' title='bbox 386 867 495 906; x_wconf 74' lang='lat' dir='ltr'>vides</span> <span class='ocrx_word' id='word_1_95' title='bbox 523 882 641 918; x_wconf 86' lang='lat' dir='ltr'>quam</span> <span class='ocrx_word' id='word_1_96' title='bbox 672 875 783 918; x_wconf 85' lang='lat' dir='ltr'>turpe</span> <span class='ocrx_word' id='word_1_97' title='bbox 810 868 868 906; x_wconf 86' lang='lat' dir='ltr'>sit.</span> <span class='ocrx_word' id='word_1_98' title='bbox 927 868 1146 915; x_wconf 82' lang='lat' dir='ltr'>Trahimur,</span> <span class='ocrx_word' id='word_1_99' title='bbox 1175 882 1248 906; x_wconf 85' lang='lat' dir='ltr'>nec</span> <span class='ocrx_word' id='word_1_100' title='bbox 1275 869 1503 919; x_wconf 80' lang='lat' dir='ltr'>fugiendum</span> 
     </span>
    </p>
   </div>
   <div class='ocr_carea' id='block_1_5' title="bbox 120 1205 155 1236">
    <p class='ocr_par' dir='ltr' id='par_1_5' title="bbox 120 1205 155 1236">
     <span class='ocr_line' id='line_1_13' title="bbox 120 1205 155 1236; baseline 0 0"><span class='ocrx_word' id='word_1_101' title='bbox 120 1205 155 1236; x_wconf 88' lang='lat'>15</span> 
     </span>
    </p>
   </div>
   <div class='ocr_carea' id='block_1_6' title="bbox 117 1529 156 1550">
    <p class='ocr_par' dir='ltr' id='par_1_6' title="bbox 117 1529 156 1550">
     <span class='ocr_line' id='line_1_14' title="bbox 117 1529 156 1550; baseline 0 0"><span class='ocrx_word' id='word_1_102' title='bbox 117 1529 156 1550; x_wconf 87' lang='lat'>20</span> 
     </span>
    </p>
   </div>
   <div class='ocr_carea' id='block_1_7' title="bbox 173 930 1625 1825">
    <p class='ocr_par' dir='ltr' id='par_1_7' title="bbox 179 930 565 981">
     <span class='ocr_line' id='line_1_15' title="bbox 179 930 565 981; baseline 0.005 -13"><span class='ocrx_word' id='word_1_103' title='bbox 179 930 211 969; x_wconf 93' lang='lat' dir='ltr'>si</span> <span class='ocrx_word' id='word_1_104' title='bbox 231 931 326 981; x_wconf 84' lang='lat' dir='ltr'>quid</span> <span class='ocrx_word' id='word_1_105' title='bbox 347 932 565 970; x_wconf 71' lang='lat' dir='ltr'>violentius.</span> 
     </span>
    </p>

    <p class='ocr_par' dir='ltr' id='par_1_8' title="bbox 173 996 1625 1825">
     <span class='ocr_line' id='line_1_16' title="bbox 235 996 1625 1051; baseline 0.003 -18"><span class='ocrx_word' id='word_1_106' title='bbox 235 998 296 1034; x_wconf 87' lang='lat' dir='ltr'>De</span> <span class='ocrx_word' id='word_1_107' title='bbox 318 996 453 1035; x_wconf 88' lang='lat' dir='ltr'>Caelio</span> <span class='ocrx_word' id='word_1_108' title='bbox 474 1010 590 1046; x_wconf 81' lang='lat' dir='ltr'>saepe</span> <span class='ocrx_word' id='word_1_109' title='bbox 619 1011 774 1035; x_wconf 84' lang='lat' dir='ltr'>mecum</span> <span class='ocrx_word' id='word_1_110' title='bbox 800 996 904 1046; x_wconf 84' lang='lat' dir='ltr'>agito</span> <span class='ocrx_word' id='word_1_111' title='bbox 932 1010 1014 1043; x_wconf 90' lang='lat' dir='ltr'>nec,</span> <span class='ocrx_word' id='word_1_112' title='bbox 1040 997 1069 1035; x_wconf 88' lang='lat' dir='ltr'>si</span> <span class='ocrx_word' id='word_1_113' title='bbox 1095 997 1189 1046; x_wconf 85' lang='lat' dir='ltr'>quid</span> <span class='ocrx_word' id='word_1_114' title='bbox 1217 999 1391 1036; x_wconf 85' lang='lat' dir='ltr'>habuero</span> <span class='ocrx_word' id='word_1_115' title='bbox 1416 1000 1502 1045; x_wconf 88' lang='lat' dir='ltr'>tale,</span> <span class='ocrx_word' id='word_1_116' title='bbox 1526 1009 1549 1047; x_wconf 91' lang='lat'><strong>3</strong></span> <span class='ocrx_word' id='word_1_117' title='bbox 1570 999 1625 1051; x_wconf 76' lang='lat'>(6)</span> 
     </span>
     <span class='ocr_line' id='line_1_17' title="bbox 178 1060 1503 1111; baseline 0.002 -13"><span class='ocrx_word' id='word_1_118' title='bbox 178 1060 385 1099; x_wconf 79' lang='lat' dir='ltr'>dimittam.</span> <span class='ocrx_word' id='word_1_119' title='bbox 460 1061 673 1110; x_wconf 77' lang='lat' dir='ltr'>Hispanias</span> <span class='ocrx_word' id='word_1_120' title='bbox 708 1075 822 1111; x_wconf 90' lang='lat' dir='ltr'>spero</span> <span class='ocrx_word' id='word_1_121' title='bbox 860 1063 989 1099; x_wconf 89' lang='lat' dir='ltr'>firmas</span> <span class='ocrx_word' id='word_1_122' title='bbox 1029 1075 1124 1099; x_wconf 89' lang='lat' dir='ltr'>esse.</span> <span class='ocrx_word' id='word_1_123' title='bbox 1199 1062 1503 1100; x_wconf 79' lang='lat' dir='ltr'>Massiliensium</span> 
     </span>
     <span class='ocr_line' id='line_1_18' title="bbox 178 1125 1505 1176; baseline 0 -13"><span class='ocrx_word' id='word_1_124' title='bbox 178 1126 325 1163; x_wconf 87' lang='lat' dir='ltr'>factum</span> <span class='ocrx_word' id='word_1_125' title='bbox 355 1139 445 1163; x_wconf 88' lang='lat' dir='ltr'>cum</span> <span class='ocrx_word' id='word_1_126' title='bbox 475 1125 603 1175; x_wconf 91' lang='lat' dir='ltr'>ipsum</span> <span class='ocrx_word' id='word_1_127' title='bbox 633 1139 702 1176; x_wconf 93' lang='lat' dir='ltr'>per</span> <span class='ocrx_word' id='word_1_128' title='bbox 731 1139 771 1164; x_wconf 90' lang='lat' dir='ltr'>se</span> <span class='ocrx_word' id='word_1_129' title='bbox 801 1127 1043 1163; x_wconf 88' lang='lat' dir='ltr'>luculentum</span> <span class='ocrx_word' id='word_1_130' title='bbox 1074 1134 1131 1164; x_wconf 88' lang='lat' dir='ltr'>est</span> <span class='ocrx_word' id='word_1_131' title='bbox 1161 1134 1244 1164; x_wconf 92' lang='lat' dir='ltr'>tum</span> <span class='ocrx_word' id='word_1_132' title='bbox 1275 1126 1369 1163; x_wconf 91' lang='lat' dir='ltr'>mihi</span> <span class='ocrx_word' id='word_1_133' title='bbox 1398 1140 1505 1176; x_wconf 85' lang='lat' dir='ltr'>argu-</span> 
     </span>
     <span class='ocr_line' id='line_1_19' title="bbox 179 1189 1500 1240; baseline 0 -12"><span class='ocrx_word' id='word_1_134' title='bbox 179 1198 312 1228; x_wconf 91' lang='lat' dir='ltr'>mento</span> <span class='ocrx_word' id='word_1_135' title='bbox 333 1198 391 1228; x_wconf 90' lang='lat' dir='ltr'>est</span> <span class='ocrx_word' id='word_1_136' title='bbox 418 1198 521 1228; x_wconf 87' lang='lat' dir='ltr'>recte</span> <span class='ocrx_word' id='word_1_137' title='bbox 545 1204 630 1228; x_wconf 87' lang='lat' dir='ltr'>esse</span> <span class='ocrx_word' id='word_1_138' title='bbox 657 1189 696 1227; x_wconf 90' lang='lat' dir='ltr'>in</span> <span class='ocrx_word' id='word_1_139' title='bbox 726 1189 940 1240; x_wconf 89' lang='lat' dir='ltr'>Hispaniis.</span> <span class='ocrx_word' id='word_1_140' title='bbox 1002 1189 1136 1227; x_wconf 90' lang='lat' dir='ltr'>Minus</span> <span class='ocrx_word' id='word_1_141' title='bbox 1167 1189 1271 1228; x_wconf 89' lang='lat' dir='ltr'>enirn</span> <span class='ocrx_word' id='word_1_142' title='bbox 1301 1191 1500 1237; x_wconf 85' lang='lat' dir='ltr'>auderent,</span> 
     </span>
     <span class='ocr_line' id='line_1_20' title="bbox 176 1254 1499 1304; baseline 0.001 -12"><span class='ocrx_word' id='word_1_143' title='bbox 176 1254 207 1292; x_wconf 87' lang='lat' dir='ltr'>si</span> <span class='ocrx_word' id='word_1_144' title='bbox 233 1255 343 1293; x_wconf 91' lang='lat' dir='ltr'>aliter</span> <span class='ocrx_word' id='word_1_145' title='bbox 370 1264 471 1294; x_wconf 88' lang='lat' dir='ltr'>esset</span> <span class='ocrx_word' id='word_1_146' title='bbox 495 1263 533 1294; x_wconf 92' lang='lat' dir='ltr'>et</span> <span class='ocrx_word' id='word_1_147' title='bbox 563 1254 729 1303; x_wconf 76' lang='lat' dir='ltr'>scirent3</span> <span class='ocrx_word' id='word_1_148' title='bbox 762 1268 854 1292; x_wconf 90' lang='lat' dir='ltr'>nam</span> <span class='ocrx_word' id='word_1_149' title='bbox 884 1262 922 1293; x_wconf 89' lang='lat' dir='ltr'>et</span> <span class='ocrx_word' id='word_1_150' title='bbox 951 1254 1067 1292; x_wconf 85' lang='lat' dir='ltr'>vicini</span> <span class='ocrx_word' id='word_1_151' title='bbox 1098 1262 1135 1293; x_wconf 92' lang='lat' dir='ltr'>et</span> <span class='ocrx_word' id='word_1_152' title='bbox 1165 1254 1370 1304; x_wconf 84' lang='lat' dir='ltr'>diligentes</span> <span class='ocrx_word' id='word_1_153' title='bbox 1400 1264 1499 1293; x_wconf 89' lang='lat' dir='ltr'>sunt.</span> 
     </span>
     <span class='ocr_line' id='line_1_21' title="bbox 176 1319 1499 1368; baseline -0.002 -10"><span class='ocrx_word' id='word_1_154' title='bbox 176 1319 326 1358; x_wconf 92' lang='lat' dir='ltr'>Odium</span> <span class='ocrx_word' id='word_1_155' title='bbox 360 1329 492 1358; x_wconf 87' lang='lat' dir='ltr'>autem</span> <span class='ocrx_word' id='word_1_156' title='bbox 527 1328 630 1358; x_wconf 88' lang='lat' dir='ltr'>recte</span> <span class='ocrx_word' id='word_1_157' title='bbox 664 1319 942 1358; x_wconf 85' lang='lat' dir='ltr'>animadvertis</span> <span class='ocrx_word' id='word_1_158' title='bbox 977 1319 1237 1368; x_wconf 83' lang='lat' dir='ltr'>significatum</span> <span class='ocrx_word' id='word_1_159' title='bbox 1267 1320 1307 1357; x_wconf 69' lang='lat' dir='ltr'>iu</span> <span class='ocrx_word' id='word_1_160' title='bbox 1338 1320 1499 1357; x_wconf 89' lang='lat' dir='ltr'>theatro.</span> 
     </span>
     <span class='ocr_line' id='line_1_22' title="bbox 176 1383 1501 1434; baseline -0.002 -11"><span class='ocrx_word' id='word_1_161' title='bbox 176 1385 369 1434; x_wconf 87' lang='lat' dir='ltr'>Legiones</span> <span class='ocrx_word' id='word_1_162' title='bbox 404 1385 521 1423; x_wconf 83' lang='lat' dir='ltr'>etiam</span> <span class='ocrx_word' id='word_1_163' title='bbox 551 1386 620 1423; x_wconf 90' lang='lat' dir='ltr'>has</span> <span class='ocrx_word' id='word_1_164' title='bbox 655 1398 751 1434; x_wconf 84' lang='lat' dir='ltr'>quas</span> <span class='ocrx_word' id='word_1_165' title='bbox 785 1384 825 1422; x_wconf 90' lang='lat' dir='ltr'>in</span> <span class='ocrx_word' id='word_1_166' title='bbox 861 1384 973 1422; x_wconf 86' lang='lat' dir='ltr'>Italia</span> <span class='ocrx_word' id='word_1_167' title='bbox 1003 1383 1213 1433; x_wconf 83' lang='lat' dir='ltr'>assumpsit</span> <span class='ocrx_word' id='word_1_168' title='bbox 1246 1383 1501 1422; x_wconf 87' lang='lat' dir='ltr'>alienissimas</span> 
     </span>
     <span class='ocr_line' id='line_1_23' title="bbox 176 1448 1497 1498; baseline -0.002 -10"><span class='ocrx_word' id='word_1_169' title='bbox 176 1464 260 1488; x_wconf 83' lang='lat' dir='ltr'>esse</span> <span class='ocrx_word' id='word_1_170' title='bbox 298 1450 424 1488; x_wconf 78' lang='lat' dir='ltr'>video.</span> <span class='ocrx_word' id='word_1_171' title='bbox 498 1451 576 1488; x_wconf 89' lang='lat' dir='ltr'>Sed</span> <span class='ocrx_word' id='word_1_172' title='bbox 611 1458 743 1488; x_wconf 86' lang='lat' dir='ltr'>tamen</span> <span class='ocrx_word' id='word_1_173' title='bbox 782 1449 878 1487; x_wconf 88' lang='lat' dir='ltr'>nihil</span> <span class='ocrx_word' id='word_1_174' title='bbox 917 1448 1112 1486; x_wconf 84' lang='lat' dir='ltr'>inimicius</span> <span class='ocrx_word' id='word_1_175' title='bbox 1151 1462 1269 1498; x_wconf 87' lang='lat' dir='ltr'>quam</span> <span class='ocrx_word' id='word_1_176' title='bbox 1302 1448 1375 1486; x_wconf 91' lang='lat' dir='ltr'>sibi</span> <span class='ocrx_word' id='word_1_177' title='bbox 1405 1448 1497 1497; x_wconf 86' lang='lat' dir='ltr'>ipse.</span> 
     </span>
     <span class='ocr_line' id='line_1_24' title="bbox 177 1513 1501 1563; baseline -0.002 -11"><span class='ocrx_word' id='word_1_178' title='bbox 177 1515 281 1553; x_wconf 91' lang='lat' dir='ltr'>Illud</span> <span class='ocrx_word' id='word_1_179' title='bbox 308 1523 411 1553; x_wconf 87' lang='lat' dir='ltr'>recte</span> <span class='ocrx_word' id='word_1_180' title='bbox 439 1514 551 1553; x_wconf 88' lang='lat' dir='ltr'>times</span> <span class='ocrx_word' id='word_1_181' title='bbox 580 1528 628 1552; x_wconf 91' lang='lat' dir='ltr'>ne</span> <span class='ocrx_word' id='word_1_182' title='bbox 653 1522 748 1552; x_wconf 89' lang='lat' dir='ltr'>ruat.</span> <span class='ocrx_word' id='word_1_183' title='bbox 808 1513 846 1551; x_wconf 90' lang='lat' dir='ltr'>Si</span> <span class='ocrx_word' id='word_1_184' title='bbox 875 1513 1097 1563; x_wconf 86' lang='lat' dir='ltr'>desperarit,</span> <span class='ocrx_word' id='word_1_185' title='bbox 1124 1521 1227 1551; x_wconf 87' lang='lat' dir='ltr'>certe</span> <span class='ocrx_word' id='word_1_186' title='bbox 1254 1520 1348 1551; x_wconf 91' lang='lat' dir='ltr'>ruet.</span> <span class='ocrx_word' id='word_1_187' title='bbox 1408 1514 1501 1561; x_wconf 80' lang='lat' dir='ltr'>Quo</span> 
     </span>
     <span class='ocr_line' id='line_1_25' title="bbox 175 1577 1500 1629; baseline -0.003 -11"><span class='ocrx_word' id='word_1_188' title='bbox 175 1580 296 1629; x_wconf 80' lang='lat' dir='ltr'>magis</span> <span class='ocrx_word' id='word_1_189' title='bbox 318 1580 568 1618; x_wconf 83' lang='lat' dir='ltr'>efficiendum</span> <span class='ocrx_word' id='word_1_190' title='bbox 589 1579 737 1629; x_wconf 86' lang='lat' dir='ltr'>aliquid</span> <span class='ocrx_word' id='word_1_191' title='bbox 758 1586 825 1625; x_wconf 89' lang='lat' dir='ltr'>est,</span> <span class='ocrx_word' id='word_1_192' title='bbox 850 1580 1004 1616; x_wconf 86' lang='lat' dir='ltr'>fortuna</span> <span class='ocrx_word' id='word_1_193' title='bbox 1031 1577 1145 1615; x_wconf 90' lang='lat' dir='ltr'>velim</span> <span class='ocrx_word' id='word_1_194' title='bbox 1174 1577 1344 1624; x_wconf 89' lang='lat' dir='ltr'>meliore,</span> <span class='ocrx_word' id='word_1_195' title='bbox 1367 1577 1500 1615; x_wconf 88' lang='lat' dir='ltr'>animo</span> 
     </span>
     <span class='ocr_line' id='line_1_26' title="bbox 175 1642 1496 1694; baseline -0.003 -11"><span class='ocrx_word' id='word_1_196' title='bbox 175 1645 373 1684; x_wconf 88' lang='lat' dir='ltr'>Caeliano.</span> <span class='ocrx_word' id='word_1_197' title='bbox 434 1646 511 1683; x_wconf 88' lang='lat' dir='ltr'>Sed</span> <span class='ocrx_word' id='word_1_198' title='bbox 532 1644 701 1694; x_wconf 87' lang='lat' dir='ltr'>primum</span> <span class='ocrx_word' id='word_1_199' title='bbox 723 1644 908 1694; x_wconf 85' lang='lat' dir='ltr'>quidque.</span> <span class='ocrx_word' id='word_1_200' title='bbox 964 1643 1095 1691; x_wconf 79' lang='lat' dir='ltr'>Quod,</span> <span class='ocrx_word' id='word_1_201' title='bbox 1112 1644 1400 1691; x_wconf 83' lang='lat' dir='ltr'>qualecumque</span> <span class='ocrx_word' id='word_1_202' title='bbox 1416 1642 1496 1685; x_wconf 79' lang='lat' dir='ltr'>erit,</span> 
     </span>
     <span class='ocr_line' id='line_1_27' title="bbox 173 1702 1622 1757; baseline -0.003 -9"><span class='ocrx_word' id='word_1_203' title='bbox 173 1710 362 1748; x_wconf 86' lang='lat' dir='ltr'>continuo</span> <span class='ocrx_word' id='word_1_204' title='bbox 398 1709 506 1748; x_wconf 87' lang='lat' dir='ltr'>scies.</span> <span class='ocrx_word' id='word_1_205' title='bbox 566 1712 651 1748; x_wconf 91' lang='lat' dir='ltr'>Nos</span> <span class='ocrx_word' id='word_1_206' title='bbox 686 1708 826 1756; x_wconf 88' lang='lat' dir='ltr'>iuveni,</span> <span class='ocrx_word' id='word_1_207' title='bbox 859 1716 901 1746; x_wconf 89' lang='lat' dir='ltr'>ut</span> <span class='ocrx_word' id='word_1_208' title='bbox 935 1721 1056 1757; x_wconf 83' lang='lat' dir='ltr'>rogas,</span> <span class='ocrx_word' id='word_1_209' title='bbox 1089 1706 1428 1756; x_wconf 86' lang='lat' dir='ltr'>suppeditabimus</span> <span class='ocrx_word' id='word_1_210' title='bbox 1462 1715 1498 1745; x_wconf 88' lang='lat' dir='ltr'>et</span> <span class='ocrx_word' id='word_1_211' title='bbox 1519 1713 1543 1749; x_wconf 91' lang='lat'><strong>4</strong></span> <span class='ocrx_word' id='word_1_212' title='bbox 1566 1702 1622 1754; x_wconf 75' lang='lat'>(5)</span> 
     </span>
     <span class='ocr_line' id='line_1_28' title="bbox 175 1771 1496 1825; baseline -0.003 -13"><span class='ocrx_word' id='word_1_213' title='bbox 175 1777 493 1825; x_wconf 87' lang='lat' dir='ltr'>Peloponnesum</span> <span class='ocrx_word' id='word_1_214' title='bbox 537 1775 662 1825; x_wconf 89' lang='lat' dir='ltr'>ipsam</span> <span class='ocrx_word' id='word_1_215' title='bbox 708 1773 998 1812; x_wconf 85' lang='lat' dir='ltr'>sustinebimus.</span> <span class='ocrx_word' id='word_1_216' title='bbox 1078 1774 1147 1809; x_wconf 87' lang='lat' dir='ltr'>Est</span> <span class='ocrx_word' id='word_1_217' title='bbox 1190 1771 1294 1809; x_wconf 91' lang='lat' dir='ltr'>enim</span> <span class='ocrx_word' id='word_1_218' title='bbox 1334 1771 1496 1818; x_wconf 83' lang='lat' dir='ltr'>indoles,</span> 
     </span>
    </p>
   </div>
   <div class='ocr_carea' id='block_1_8' title="bbox 117 1835 1500 1890">
    <p class='ocr_par' dir='ltr' id='par_1_9' title="bbox 117 1835 1500 1890">
     <span class='ocr_line' id='line_1_29' title="bbox 117 1835 1500 1890; baseline -0.004 -12"><span class='ocrx_word' id='word_1_219' title='bbox 117 1854 150 1874; x_wconf 80' lang='lat'>2·</span> <span class='ocrx_word' id='word_1_220' title='bbox 174 1841 294 1878; x_wconf 89' lang='lat' dir='ltr'>modo</span> <span class='ocrx_word' id='word_1_221' title='bbox 314 1840 476 1890; x_wconf 87' lang='lat' dir='ltr'>aliquod</span> <span class='ocrx_word' id='word_1_222' title='bbox 493 1841 597 1880; x_wconf 59' lang='lat' dir='ltr'>*thoe</span> <span class='ocrx_word' id='word_1_223' title='bbox 618 1839 666 1878; x_wconf 89' lang='lat' dir='ltr'>sit</span> <span class='ocrx_word' id='word_1_224' title='bbox 686 1840 774 1889; x_wconf 82' lang='grc' dir='ltr'>ἦθος</span> <span class='ocrx_word' id='word_1_225' title='bbox 795 1840 1116 1876; x_wconf 49' lang='grc' dir='ltr'><strong>ΑΚΙΜΟΑΟΝΫ.</strong></span> <span class='ocrx_word' id='word_1_226' title='bbox 1177 1837 1297 1885; x_wconf 87' lang='lat' dir='ltr'>Quod</span> <span class='ocrx_word' id='word_1_227' title='bbox 1318 1835 1348 1873; x_wconf 90' lang='lat' dir='ltr'>si</span> <span class='ocrx_word' id='word_1_228' title='bbox 1369 1837 1500 1873; x_wconf 87' lang='lat' dir='ltr'>adhuc</span> 
     </span>
    </p>
   </div>
   <div class='ocr_carea' id='block_1_9' title="bbox 173 1900 1496 2018">
    <p class='ocr_par' dir='ltr' id='par_1_10' title="bbox 173 1900 1496 2018">
     <span class='ocr_line' id='line_1_30' title="bbox 173 1900 1496 1954; baseline -0.003 -13"><span class='ocrx_word' id='word_1_229' title='bbox 173 1906 323 1942; x_wconf 91' lang='lat' dir='ltr'>nullum</span> <span class='ocrx_word' id='word_1_230' title='bbox 354 1912 422 1951; x_wconf 86' lang='lat' dir='ltr'>est,</span> <span class='ocrx_word' id='word_1_231' title='bbox 451 1918 535 1943; x_wconf 91' lang='lat' dir='ltr'>esse</span> <span class='ocrx_word' id='word_1_232' title='bbox 563 1912 693 1943; x_wconf 89' lang='lat' dir='ltr'>tamen</span> <span class='ocrx_word' id='word_1_233' title='bbox 721 1911 860 1954; x_wconf 87' lang='lat' dir='ltr'>potest,</span> <span class='ocrx_word' id='word_1_234' title='bbox 889 1910 955 1940; x_wconf 91' lang='lat' dir='ltr'>aut</span> <span class='ocrx_word' id='word_1_235' title='bbox 985 1902 1094 1952; x_wconf 82' lang='grc' dir='ltr'>ἀρετὴ</span> <span class='ocrx_word' id='word_1_236' title='bbox 1123 1914 1203 1938; x_wconf 92' lang='lat' dir='ltr'>non</span> <span class='ocrx_word' id='word_1_237' title='bbox 1233 1907 1290 1938; x_wconf 90' lang='lat' dir='ltr'>est</span> <span class='ocrx_word' id='word_1_238' title='bbox 1320 1900 1496 1948; x_wconf 74' lang='grc' dir='ltr'>διδακτόν,</span> 
     </span>
     <span class='ocr_line' id='line_1_31' title="bbox 173 1968 900 2018; baseline 0 -13"><span class='ocrx_word' id='word_1_239' title='bbox 173 1970 279 2017; x_wconf 82' lang='lat' dir='ltr'>quod</span> <span class='ocrx_word' id='word_1_240' title='bbox 301 1968 396 2006; x_wconf 90' lang='lat' dir='ltr'>mihi</span> <span class='ocrx_word' id='word_1_241' title='bbox 417 1969 639 2018; x_wconf 88' lang='lat' dir='ltr'>persuaderi</span> <span class='ocrx_word' id='word_1_242' title='bbox 660 1982 740 2006; x_wconf 91' lang='lat' dir='ltr'>non</span> <span class='ocrx_word' id='word_1_243' title='bbox 761 1976 900 2017; x_wconf 90' lang='lat' dir='ltr'>potest.</span> 
     </span>
    </p>
   </div>
   <div class='ocr_carea' id='block_1_10' title="bbox 168 2069 1496 2502">
    <p class='ocr_par' dir='ltr' id='par_1_11' title="bbox 168 2069 1496 2502">
     <span class='ocr_line' id='line_1_32' title="bbox 220 2069 1496 2111; baseline -0.001 -10"><span class='ocrx_word' id='word_1_244' title='bbox 220 2083 231 2101; x_wconf 92' lang='lat'>1</span> <span class='ocrx_word' id='word_1_245' title='bbox 259 2073 302 2103; x_wconf 88' lang='lat' dir='ltr'>sit</span> <span class='ocrx_word' id='word_1_246' title='bbox 321 2073 457 2104; x_wconf 77' lang='lat' dir='ltr'>La112b.:</span> <span class='ocrx_word' id='word_1_247' title='bbox 482 2078 532 2103; x_wconf 88' lang='lat' dir='ltr'>est</span> <span class='ocrx_word' id='word_1_248' title='bbox 549 2073 636 2104; x_wconf 81' lang='lat' dir='ltr'>codd.</span> <span class='ocrx_word' id='word_1_249' title='bbox 795 2073 824 2104; x_wconf 83' lang='lat'>8.</span> <span class='ocrx_word' id='word_1_250' title='bbox 839 2083 859 2111; x_wconf 87' lang='lat'><strong>9</strong></span> <span class='ocrx_word' id='word_1_251' title='bbox 883 2076 917 2101; x_wconf 84' lang='lat' dir='ltr'>et</span> <span class='ocrx_word' id='word_1_252' title='bbox 934 2071 961 2101; x_wconf 87' lang='lat' dir='ltr'>si</span> <span class='ocrx_word' id='word_1_253' title='bbox 981 2071 1012 2101; x_wconf 84' lang='lat' dir='ltr'>vi</span> <span class='ocrx_word' id='word_1_254' title='bbox 1032 2071 1116 2101; x_wconf 83' lang='lat' dir='ltr'>forte</span> <span class='ocrx_word' id='word_1_255' title='bbox 1135 2081 1176 2100; x_wconf 91' lang='lat' dir='ltr'>ne</span> <span class='ocrx_word' id='word_1_256' title='bbox 1194 2080 1268 2100; x_wconf 86' lang='lat' dir='ltr'>cum</span> <span class='ocrx_word' id='word_1_257' title='bbox 1287 2074 1418 2109; x_wconf 86' lang='lat' dir='ltr'>pestate</span> <span class='ocrx_word' id='word_1_258' title='bbox 1437 2069 1496 2100; x_wconf 82' lang='lat' dir='ltr'>M:</span> 
     </span>
     <span class='ocr_line' id='line_1_33' title="bbox 172 2113 1495 2155; baseline -0.004 -9"><span class='ocrx_word' id='word_1_259' title='bbox 172 2121 205 2146; x_wconf 85' lang='lat' dir='ltr'>et</span> <span class='ocrx_word' id='word_1_260' title='bbox 222 2117 250 2146; x_wconf 90' lang='lat' dir='ltr'>si</span> <span class='ocrx_word' id='word_1_261' title='bbox 267 2117 298 2145; x_wconf 92' lang='lat' dir='ltr'>vi</span> <span class='ocrx_word' id='word_1_262' title='bbox 318 2116 403 2146; x_wconf 82' lang='lat' dir='ltr'>sorte</span> <span class='ocrx_word' id='word_1_263' title='bbox 427 2121 459 2147; x_wconf 91' lang='lat' dir='ltr'>et</span> <span class='ocrx_word' id='word_1_264' title='bbox 480 2127 552 2146; x_wconf 89' lang='lat' dir='ltr'>cum</span> <span class='ocrx_word' id='word_1_265' title='bbox 571 2121 772 2155; x_wconf 84' lang='lat' dir='ltr'>tempestate</span> <span class='ocrx_word' id='word_1_266' title='bbox 790 2115 872 2146; x_wconf 76' lang='lat' dir='ltr'>Ant.</span> <span class='ocrx_word' id='word_1_267' title='bbox 889 2115 936 2145; x_wconf 81' lang='lat' dir='ltr'>F:</span> <span class='ocrx_word' id='word_1_268' title='bbox 961 2115 1024 2144; x_wconf 86' lang='lat' dir='ltr'>etsi</span> <span class='ocrx_word' id='word_1_269' title='bbox 1042 2114 1092 2143; x_wconf 85' lang='lat' dir='ltr'>vis</span> <span class='ocrx_word' id='word_1_270' title='bbox 1114 2114 1269 2143; x_wconf 81' lang='lat' dir='ltr'>fortunae</span> <span class='ocrx_word' id='word_1_271' title='bbox 1290 2116 1356 2151; x_wconf 60' lang='lat' dir='ltr'>(qn.</span> <span class='ocrx_word' id='word_1_272' title='bbox 1379 2113 1441 2152; x_wconf 69' lang='lat' dir='ltr'>est)</span> <span class='ocrx_word' id='word_1_273' title='bbox 1463 2113 1495 2142; x_wconf 90' lang='lat' dir='ltr'>in</span> 
     </span>
     <span class='ocr_line' id='line_1_34' title="bbox 172 2156 1493 2199; baseline -0.003 -10"><span class='ocrx_word' id='word_1_274' title='bbox 172 2164 340 2197; x_wconf 79' lang='lat' dir='ltr'>potestate</span> <span class='ocrx_word' id='word_1_275' title='bbox 353 2159 510 2199; x_wconf 70' lang='lat' dir='ltr'>Madmg:</span> <span class='ocrx_word' id='word_1_276' title='bbox 532 2164 565 2189; x_wconf 84' lang='lat' dir='ltr'>et</span> <span class='ocrx_word' id='word_1_277' title='bbox 583 2160 611 2189; x_wconf 86' lang='lat' dir='ltr'>si</span> <span class='ocrx_word' id='word_1_278' title='bbox 626 2160 666 2194; x_wconf 68' lang='lat' dir='ltr'>vi,</span> <span class='ocrx_word' id='word_1_279' title='bbox 682 2159 813 2189; x_wconf 79' lang='lat' dir='ltr'>fortiter</span> <span class='ocrx_word' id='word_1_280' title='bbox 829 2169 866 2188; x_wconf 85' lang='lat' dir='ltr'>ac</span> <span class='ocrx_word' id='word_1_281' title='bbox 880 2158 1079 2196; x_wconf 83' lang='lat' dir='ltr'>tempestive</span> <span class='ocrx_word' id='word_1_282' title='bbox 1094 2157 1211 2186; x_wconf 72' lang='lat' dir='ltr'>Orelli:</span> <span class='ocrx_word' id='word_1_283' title='bbox 1231 2157 1293 2186; x_wconf 84' lang='lat' dir='ltr'>etsi</span> <span class='ocrx_word' id='word_1_284' title='bbox 1311 2157 1338 2185; x_wconf 71' lang='lat' dir='ltr'>vi</span> <span class='ocrx_word' id='word_1_285' title='bbox 1358 2156 1443 2186; x_wconf 84' lang='lat' dir='ltr'>sorte</span> <span class='ocrx_word' id='word_1_286' title='bbox 1462 2156 1493 2185; x_wconf 91' lang='lat' dir='ltr'>in</span> 
     </span>
     <span class='ocr_line' id='line_1_35' title="bbox 171 2199 1492 2242; baseline -0.003 -11"><span class='ocrx_word' id='word_1_287' title='bbox 171 2207 409 2242; x_wconf 86' lang='lat' dir='ltr'>tempestatem</span> <span class='ocrx_word' id='word_1_288' title='bbox 427 2202 578 2232; x_wconf 81' lang='lat' dir='ltr'>Sclmn&#39;dt</span> <span class='ocrx_word' id='word_1_289' title='bbox 666 2203 748 2232; x_wconf 80' lang='lat' dir='ltr'>clam</span> <span class='ocrx_word' id='word_1_290' title='bbox 766 2207 876 2231; x_wconf 80' lang='lat' dir='ltr'>autem</span> <span class='ocrx_word' id='word_1_291' title='bbox 897 2202 989 2231; x_wconf 69' lang='lat' dir='ltr'>istis?</span> <span class='ocrx_word' id='word_1_292' title='bbox 1014 2200 1173 2233; x_wconf 78' lang='lat' dir='ltr'>Schmidt,</span> <span class='ocrx_word' id='word_1_293' title='bbox 1194 2199 1249 2229; x_wconf 75' lang='lat' dir='ltr'>scd</span> <span class='ocrx_word' id='word_1_294' title='bbox 1265 2200 1346 2229; x_wconf 82' lang='lat' dir='ltr'>clam</span> <span class='ocrx_word' id='word_1_295' title='bbox 1360 2204 1492 2238; x_wconf 69' lang='lat' dir='ltr'>praepo-</span> 
     </span>
     <span class='ocr_line' id='line_1_36' title="bbox 168 2243 1493 2284; baseline -0.002 -10"><span class='ocrx_word' id='word_1_296' title='bbox 168 2246 282 2275; x_wconf 68' lang='lat' dir='ltr'>sitione</span> <span class='ocrx_word' id='word_1_297' title='bbox 299 2257 363 2275; x_wconf 75' lang='lat' dir='ltr'>non</span> <span class='ocrx_word' id='word_1_298' title='bbox 384 2247 488 2275; x_wconf 68' lang='lat' dir='ltr'>utitur</span> <span class='ocrx_word' id='word_1_299' title='bbox 502 2246 605 2276; x_wconf 76' lang='lat' dir='ltr'>Cicero</span> <span class='ocrx_word' id='word_1_300' title='bbox 697 2255 735 2275; x_wconf 95' lang='lat'>10</span> <span class='ocrx_word' id='word_1_301' title='bbox 759 2246 803 2274; x_wconf 90' lang='lat' dir='ltr'>sit</span> <span class='ocrx_word' id='word_1_302' title='bbox 821 2245 1029 2284; x_wconf 50' lang='lat' dir='ltr'>ilffalaspism:</span> <span class='ocrx_word' id='word_1_303' title='bbox 1056 2247 1107 2273; x_wconf 83' lang='lat' dir='ltr'>est</span> <span class='ocrx_word' id='word_1_304' title='bbox 1126 2243 1183 2272; x_wconf 83' lang='lat' dir='ltr'>M:</span> <span class='ocrx_word' id='word_1_305' title='bbox 1210 2244 1268 2272; x_wconf 80' lang='lat' dir='ltr'>sed</span> <span class='ocrx_word' id='word_1_306' title='bbox 1290 2243 1493 2272; x_wconf 71' lang='lat' dir='ltr'>Gronovius:</span> 
     </span>
     <span class='ocr_line' id='line_1_37' title="bbox 170 2282 1493 2327; baseline -0.002 -9"><span class='ocrx_word' id='word_1_307' title='bbox 170 2299 251 2327; x_wconf 84' lang='lat' dir='ltr'>ergo</span> <span class='ocrx_word' id='word_1_308' title='bbox 274 2289 427 2319; x_wconf 75' lang='lat' dir='ltr'>Sclnm&#39;dt</span> <span class='ocrx_word' id='word_1_309' title='bbox 530 2290 566 2318; x_wconf 90' lang='lat'>16</span> <span class='ocrx_word' id='word_1_310' title='bbox 591 2289 693 2319; x_wconf 86' lang='lat' dir='ltr'>vicini</span> <span class='ocrx_word' id='word_1_311' title='bbox 715 2288 788 2318; x_wconf 72' lang='lat' dir='ltr'><em>Vsct.</em></span> <span class='ocrx_word' id='word_1_312' title='bbox 806 2300 812 2318; x_wconf 90' lang='lat'>:</span> <span class='ocrx_word' id='word_1_313' title='bbox 838 2287 915 2317; x_wconf 75' lang='lat' dir='ltr'>victi</span> <span class='ocrx_word' id='word_1_314' title='bbox 933 2282 1020 2316; x_wconf 59' lang='lat' dir='ltr'><em>MZI&#39;</em></span> <span class='ocrx_word' id='word_1_315' title='bbox 1126 2296 1162 2324; x_wconf 90' lang='lat'>17</span> <span class='ocrx_word' id='word_1_316' title='bbox 1189 2286 1222 2315; x_wconf 90' lang='lat' dir='ltr'>in</span> <span class='ocrx_word' id='word_1_317' title='bbox 1240 2287 1371 2316; x_wconf 83' lang='lat' dir='ltr'>theatro</span> <span class='ocrx_word' id='word_1_318' title='bbox 1388 2286 1493 2315; x_wconf 75' lang='lat' dir='ltr'>Boot:</span> 
     </span>
     <span class='ocr_line' id='line_1_38' title="bbox 170 2329 1488 2369; baseline -0.003 -7"><span class='ocrx_word' id='word_1_319' title='bbox 170 2333 301 2362; x_wconf 76' lang='lat' dir='ltr'>theatro</span> <span class='ocrx_word' id='word_1_320' title='bbox 320 2337 388 2362; x_wconf 74' lang='lat' dir='ltr'>vett.</span> <span class='ocrx_word' id='word_1_321' title='bbox 407 2343 414 2362; x_wconf 75' lang='lat' dir='ltr'>t</span> <span class='ocrx_word' id='word_1_322' title='bbox 439 2337 539 2362; x_wconf 81' lang='lat' dir='ltr'>-trum</span> <span class='ocrx_word' id='word_1_323' title='bbox 559 2331 599 2361; x_wconf 89' lang='lat' dir='ltr'><em>M</em></span> <span class='ocrx_word' id='word_1_324' title='bbox 747 2342 787 2369; x_wconf 81' lang='lat'>24</span> <span class='ocrx_word' id='word_1_325' title='bbox 813 2331 943 2360; x_wconf 86' lang='lat' dir='ltr'>indoles</span> <span class='ocrx_word' id='word_1_326' title='bbox 967 2330 988 2360; x_wconf 95' lang='lat' dir='ltr'><em>I</em></span> <span class='ocrx_word' id='word_1_327' title='bbox 1001 2329 1101 2367; x_wconf 56' lang='lat' dir='ltr'>vulg„</span> <span class='ocrx_word' id='word_1_328' title='bbox 1121 2330 1158 2369; x_wconf 90' lang='lat' dir='ltr'>cf.</span> <span class='ocrx_word' id='word_1_329' title='bbox 1180 2329 1225 2358; x_wconf 82' lang='lat' dir='ltr'>ad</span> <span class='ocrx_word' id='word_1_330' title='bbox 1239 2329 1332 2360; x_wconf 80' lang='lat' dir='ltr'>Brut.</span> <span class='ocrx_word' id='word_1_331' title='bbox 1353 2329 1372 2359; x_wconf 86' lang='lat' dir='ltr'>i.</span> <span class='ocrx_word' id='word_1_332' title='bbox 1391 2329 1488 2367; x_wconf 78' lang='lat'>18.4:</span> 
     </span>
     <span class='ocr_line' id='line_1_39' title="bbox 170 2371 1493 2414; baseline -0.002 -10"><span class='ocrx_word' id='word_1_333' title='bbox 170 2376 325 2405; x_wconf 85' lang='lat' dir='ltr'>indolens</span> <span class='ocrx_word' id='word_1_334' title='bbox 344 2375 383 2404; x_wconf 87' lang='lat' dir='ltr'><em>M</em></span> <span class='ocrx_word' id='word_1_335' title='bbox 498 2385 538 2414; x_wconf 86' lang='lat'>25</span> <span class='ocrx_word' id='word_1_336' title='bbox 563 2379 637 2405; x_wconf 80' lang='lat' dir='ltr'>ante</span> <span class='ocrx_word' id='word_1_337' title='bbox 655 2375 717 2405; x_wconf 89' lang='lat' dir='ltr'>hoc</span> <span class='ocrx_word' id='word_1_338' title='bbox 737 2374 873 2404; x_wconf 78' lang='lat' dir='ltr'>addend.</span> <span class='ocrx_word' id='word_1_339' title='bbox 892 2374 924 2403; x_wconf 92' lang='lat' dir='ltr'>in</span> <span class='ocrx_word' id='word_1_340' title='bbox 947 2373 1025 2404; x_wconf 83' lang='lat' dir='ltr'>coni.</span> <span class='ocrx_word' id='word_1_341' title='bbox 1045 2372 1234 2411; x_wconf 70' lang='lat' dir='ltr'>lVescnbcrg</span> <span class='ocrx_word' id='word_1_342' title='bbox 1319 2371 1493 2411; x_wconf 78' lang='grc' dir='ltr'>ἀκίβδηλον</span> 
     </span>
     <span class='ocr_line' id='line_1_40' title="bbox 173 2415 1492 2458; baseline -0.003 -11"><span class='ocrx_word' id='word_1_343' title='bbox 173 2418 342 2448; x_wconf 78' lang='lat' dir='ltr'>Turnebus</span> <span class='ocrx_word' id='word_1_344' title='bbox 355 2419 462 2450; x_wconf 80' lang='lat' dir='ltr'><em>Cobet:</em></span> <span class='ocrx_word' id='word_1_345' title='bbox 479 2418 695 2458; x_wconf 82' lang='grc' dir='ltr'>ἀλκιμώτερον</span> <span class='ocrx_word' id='word_1_346' title='bbox 707 2417 875 2448; x_wconf 72' lang='lat' dir='ltr'>Sclnm‘dl:</span> <span class='ocrx_word' id='word_1_347' title='bbox 895 2417 1064 2457; x_wconf 77' lang='grc' dir='ltr'>ἀξιόλογον</span> <span class='ocrx_word' id='word_1_348' title='bbox 1080 2416 1201 2447; x_wconf 76' lang='lat' dir='ltr'>Gurlitt</span> <span class='ocrx_word' id='word_1_349' title='bbox 1212 2427 1218 2446; x_wconf 89' lang='lat'>:</span> <span class='ocrx_word' id='word_1_350' title='bbox 1229 2415 1311 2454; x_wconf 80' lang='lat' dir='ltr'>fort.</span> <span class='ocrx_word' id='word_1_351' title='bbox 1326 2415 1492 2451; x_wconf 81' lang='grc' dir='ltr'>ἄκαμπτον</span> 
     </span>
     <span class='ocr_line' id='line_1_41' title="bbox 168 2462 379 2502; baseline 0.005 -11"><span class='ocrx_word' id='word_1_352' title='bbox 168 2462 216 2491; x_wconf 84' lang='lat' dir='ltr'>vel</span> <span class='ocrx_word' id='word_1_353' title='bbox 230 2462 379 2502; x_wconf 85' lang='grc' dir='ltr'>ἀκίνητον</span> 
     </span>
    </p>
   </div>
  </div>
 </body>
</html>
