1827 2798
541 163 653 202 EPP.
686 165 764 201 AD
794 164 1055 203 ATTICVM
1436 166 1507 202 xl.
1532 164 1561 202 ii

198 390 247 426 ῙῙ
293 393 362 426 Scr.
378 394 411 425 iu
428 394 529 436 Epiro
545 395 712 436 aliquanto
723 399 800 437 post
814 394 900 427 Non.
913 395 1013 435 Fcbr.‚
1031 399 1066 426 ut
1081 394 1215 436 videtur,
1229 405 1259 426 a.
1275 396 1334 435 706
1352 395 1439 436 (48).

574 500 749 531 CICERO
773 499 944 531 ATTICO
970 499 1070 532 SAL.

207 589 372 628 Litteras
405 597 490 628 tuas
520 590 654 640 accepi
689 604 742 640 pr.
778 591 882 628 Non.
921 589 1032 627 Febr.
1066 602 1194 638 eoque
1224 588 1309 638 ipso
1339 588 1403 627 die
1435 603 1479 626 cx
1503 599 1518 624 1

152 662 388 693 testamento
417 654 519 692 crevi
549 654 816 692 hereditatem.
878 656 936 692 Ex
967 653 1098 691 multis
1127 653 1223 691 meis
1256 653 1478 691 miserrimis

114 736 130 768 5
152 719 253 757 curis
285 728 342 758 est
370 733 447 757 una
478 721 603 757 levata
632 719 673 765 si,
711 728 752 757 ut
784 718 930 765 scribis,
963 718 1036 756 ista
1067 718 1262 756 hereditas
1290 719 1407 756 fidem
1441 727 1478 756 et

151 786 295 822 famam
318 798 446 822 meam
468 784 565 823 tueri
591 792 743 834 potcst3
772 797 891 833 quam
913 783 1074 833 quidem
1097 783 1280 833 intellego
1302 791 1339 821 te
1360 783 1476 821 etiam

152 848 235 886 sine
266 848 482 886 hereditate
517 848 592 886 tuis
632 848 773 898 opibus
808 849 1061 886 defensurum
1101 847 1230 885 fuisse.
1292 849 1353 886 De
1384 850 1477 886 dote
1498 856 1523 883 2

152 914 260 962 quod
295 913 440 959 scribis,
478 926 546 962 per
579 912 707 951 omnis
741 913 837 950 deos
877 920 914 950 te
954 913 1129 950 obtestor
1160 920 1201 949 ut
1233 920 1355 950 totam
1395 926 1473 950 rem

152 977 340 1027 suscipias
370 986 407 1015 et
428 977 533 1014 illam
557 976 736 1014 miseram
769 990 856 1014 mea
882 977 998 1025 culpa
1024 984 1061 1013 et
1082 975 1328 1025 neglegentia
1348 983 1479 1014 tueare

96 1062 131 1082 10
153 1041 248 1079 meis
270 1042 411 1091 opibus
432 1041 462 1079 si
484 1054 584 1090 quae
605 1049 704 1085 sunt,
728 1040 804 1078 tuis
820 1040 963 1089 quibus
985 1040 1055 1078 tibi
1077 1042 1287 1078 molestum
1309 1053 1388 1077 non
1409 1040 1477 1078 erit

152 1106 411 1144 facultatibus.
483 1105 588 1153 Quoi
627 1105 788 1154 quidem
828 1106 966 1142 deesse
1005 1104 1152 1151 omnia,
1183 1106 1291 1154 quod
1331 1104 1476 1149 scribis,

152 1172 316 1209 obsecro
332 1178 379 1216 te,
396 1169 477 1208 noli
497 1169 588 1219 pati.
649 1171 696 1207 In
718 1182 817 1218 quos
838 1168 943 1206 enim
965 1176 1144 1218 sumptus
1164 1169 1311 1207 abeunt
1332 1170 1478 1207 fructus

150 1235 428 1286 praediorum?
499 1236 583 1272 Iam
623 1234 688 1272 illa
728 1235 798 1272 HS
839 1237 892 1272 ff<
925 1247 1025 1282 quae
1057 1232 1192 1271 scribis
1231 1247 1350 1272 nemo
1382 1233 1475 1271 mihi

151 1315 338 1351 umquam
384 1300 481 1339 dixit
523 1314 569 1338 ex
611 1301 704 1338 dote
749 1313 834 1338 esse
876 1300 1074 1345 detracta3
1115 1311 1332 1347 numquam
1372 1298 1474 1336 enim

91 1383 128 1415 15
150 1380 276 1406 essem
308 1379 456 1417 passus.
517 1366 595 1403 Sed
627 1366 724 1402 haec
757 1363 919 1401 minima
953 1371 1011 1401 est
1045 1376 1091 1401 ex
1122 1362 1167 1400 iis
1198 1361 1346 1400 iniuriis
1381 1376 1476 1412 quas

149 1432 282 1482 accepi
299 1447 309 1479 ,-
333 1434 383 1470 de
398 1431 541 1482 quibus
554 1431 605 1468 ad
622 1438 660 1467 te
674 1431 809 1468 dolore
826 1437 863 1467 et
878 1427 1047 1466 lacrimis
1069 1427 1235 1466 scribere
1252 1427 1472 1477 prohibeor.

149 1500 207 1536 Ex
242 1511 288 1536 ea
318 1496 486 1547 pecunia
524 1509 624 1545 quae
659 1494 731 1532 fuit
769 1493 807 1531 in
847 1493 942 1531 Asia
975 1500 1125 1543 partem
1157 1492 1362 1530 dimidiam
1397 1494 1474 1531 fere
1495 1500 1519 1536 3

148 1566 266 1615 exegi.
344 1562 486 1601 Tutius
524 1560 729 1598 videbatur
767 1560 849 1597 fore
898 1557 953 1596 ibi
1002 1557 1070 1595 ubi
1115 1564 1173 1595 est
1212 1570 1330 1606 quam
1368 1559 1474 1607 apud

147 1631 390 1682 publicanos.

89 1706 130 1728 ²0
203 1698 324 1746 Quod
358 1710 421 1735 me
455 1695 620 1734 hortaris
651 1701 693 1732 ut
727 1693 840 1730 firmo
875 1690 947 1728 sim
979 1688 1123 1734 animo,
1159 1689 1299 1726 vellem
1338 1701 1474 1737 posses

146 1762 295 1812 aliquid
315 1763 465 1800 adferre
487 1774 603 1811 quam
627 1760 679 1798 ob
703 1771 784 1796 rem
813 1757 852 1794 id
877 1757 1003 1793 facere
1028 1767 1195 1803 possem.
1256 1754 1334 1791 Sed
1364 1753 1394 1790 si
1423 1754 1474 1791 ad

147 1832 293 1865 ceteras
328 1827 501 1865 miserias
532 1825 696 1864 accessit
727 1823 843 1861 etiam
879 1821 919 1858 id
958 1820 1066 1869 quod
1101 1817 1196 1856 mihi
1231 1817 1474 1867 Chrysippus

146 1892 241 1930 dixit
266 1893 389 1942 parari
411 1892 469 1939 (tu
491 1891 587 1929 nihil
613 1888 854 1940 significasti)
876 1888 926 1924 de
951 1886 1083 1929 domo,
1107 1883 1194 1932 quis
1215 1896 1277 1920 me
1299 1882 1473 1920 miserior

145 1970 225 1995 uno
249 1957 325 1994 iam
355 1957 455 1995 suit?
512 1957 604 2002 Oro,
628 1956 804 2000 obsecro,
827 1952 997 2001 ignosce.
1057 1950 1150 1986 Non
1174 1960 1335 1997 possum
1363 1949 1471 1996 plura

89 2032 125 2063 25
146 2021 323 2060 scribere.
384 2023 545 2070 Quanto
565 2033 740 2058 maerore
760 2031 896 2067 urgear
916 2016 1092 2065 profecto
1112 2013 1232 2051 vides.
1292 2013 1413 2060 Quod
1441 2011 1469 2048 si

147 2085 241 2123 mihi
278 2099 488 2123 commune
520 2099 610 2123 cum
643 2083 780 2122 ceteris
812 2089 914 2120 esset
946 2080 1013 2130 qui
1045 2078 1227 2117 videntur
1257 2076 1296 2113 in
1331 2078 1468 2114 eadem

147 2163 263 2188 causa
283 2164 378 2196 esse,
395 2150 521 2187 minor
542 2163 629 2187 mea
645 2150 759 2198 culpa
776 2147 970 2185 videretur
984 2153 1021 2183 et
1043 2158 1090 2183 eo
1104 2142 1342 2181 tolerabilior
1357 2151 1468 2179 essct.

146 2216 264 2253 Nunc
285 2215 381 2252 nihil
402 2222 460 2253 est
480 2215 588 2264 quod
614 2214 848 2259 consoletur,
872 2210 945 2248 nisi
966 2209 1062 2260 quid
1083 2216 1123 2247 tu
1145 2207 1275 2254 efficis,
1299 2206 1329 2244 si
1351 2207 1471 2244 modo

189 2330 208 2357 4
233 2318 345 2348 multis
364 2318 446 2348 meis
465 2316 533 2348 CO‘
551 2328 557 2346 t
584 2315 791 2346 multissimis
816 2317 900 2344 celest
918 2313 1006 2344 codd.
1022 2324 1029 2344 :
1054 2312 1167 2343 multis
1187 2312 1271 2342 meis
1288 2315 1321 2341 et
1348 2310 1471 2341 Wesen-

145 2361 220 2401 berg
361 2371 400 2392 10
424 2362 491 2392 tuis
506 2359 645 2400 quibus]
663 2361 807 2397 tuisque,
828 2358 854 2387 si
873 2357 957 2387 Boot
1100 2367 1134 2386 11
1164 2355 1377 2387 facultatibus
1401 2354 1469 2385 secl.

144 2404 276 2436 Ernesti
287 2405 370 2436 Boot
503 2415 544 2443 24
569 2414 636 2434 uno
655 2402 736 2443 iam]
755 2411 901 2441 unquam
916 2400 1072 2431 Schwarz

1322 2453 1384 2485 24*
