1827 2798
152 860 190 882 10

152 1511 191 1533 20

616 154 727 191 EPP.
759 155 838 191 AD
867 154 1125 193 ATTICVM
1471 154 1540 190 IX.
1560 163 1589 188 v

210 263 386 302 miserius
417 263 513 301 nihil
545 278 663 314 quam
695 278 741 303 ea
771 264 903 304 videre
934 278 1035 314 quae
1067 272 1198 303 tamen
1232 263 1320 310 iam,
1357 263 1531 314 inquam,

208 328 378 366 videnda
398 336 521 366 erunt.

263 393 352 430 Fuit
390 394 496 442 apud
535 407 598 432 me
638 396 859 441 Postumus,
901 394 1035 444 scripsi
1074 395 1124 432 ad
1163 402 1201 432 te
1240 407 1357 444 quarn
1397 392 1531 443 gravis.

209 457 328 496 Venit
351 459 402 496 ad
433 471 496 496 me
525 458 642 497 etiam
665 461 713 508 Q.
738 461 871 497 Fusius
900 473 981 509 quo
1006 461 1129 506 vultu,
1151 473 1229 508 quo
1260 459 1394 509 spiritu
1415 462 1420 496 ἔ
1451 471 1535 508 pro-

209 536 348 574 perans
383 523 651 572 Brundisium,
681 526 807 562 scelus
838 538 1028 563 accusans
1062 524 1240 573 Pompei,
1270 524 1466 562 levitatem
1497 531 1535 561 et

209 588 411 626 stultitiam
451 597 619 627 senatus.
691 591 805 628 Haec
843 590 909 639 qui
949 589 988 627 in
1028 603 1115 627 mea
1152 589 1243 626 villa
1280 602 1360 626 non
1399 589 1532 633 feram,

209 652 389 692 Curtium
422 652 461 690 in
493 653 599 691 curia
638 662 775 704 potero
813 656 939 692 ferre?
994 656 1090 703 Age,
1127 655 1229 703 finge
1263 667 1326 691 me
1355 652 1532 702 quamvis
1553 659 1577 687 2

209 719 448 769 εὐστομάχως
487 719 584 756 haec
619 720 833 766 ferentem3
876 719 971 769 quid
1007 718 1072 757 illa
1105 720 1223 766 ‘D1C‚
1263 720 1318 755 M.
1351 718 1535 754 TVLLI'?

209 796 329 832 quern
359 783 563 821 habebunt
594 783 772 822 exitum?
831 786 881 822 Et
911 784 1051 823 omitto
1081 797 1238 822 eausam
1268 782 1322 821 rei
1354 782 1535 832 publicae

210 860 328 898 quam
351 862 424 897 ego
445 848 627 886 amissam
661 857 757 899 puto
787 862 877 887 cum
908 849 1132 887 vulneribus
1161 849 1238 886 suis
1264 855 1345 885 tum
1368 847 1535 885 medica-

211 912 354 950 mentis
387 913 431 950 iis
466 926 566 962 quae
598 922 793 963 parantur,
827 915 877 952 de
912 913 1103 963 Pompeio
1138 913 1232 962 quid
1266 915 1408 962 agam?
1442 912 1535 962 quoi

211 979 327 1027 plane
359 977 473 1028 (quid
506 978 610 1015 enim
646 979 722 1015 hoe
752 991 890 1027 negem
905 978 938 1027 ?)
968 977 1181 1016 suscensui.
1241 979 1402 1026 Semper
1431 977 1536 1015 enirn

211 1056 267 1080 me
301 1056 442 1080 causae
482 1050 711 1080 eventorum
754 1042 875 1092 magis
908 1050 1068 1080 movent
1107 1055 1225 1091 quam
1264 1041 1347 1091 ipsa
1385 1050 1534 1079 eventa.

212 1109 326 1145 Haec
356 1107 469 1157 igitur
494 1109 595 1145 mala
616 1107 776 1157 (quibus
808 1107 954 1145 maiora
974 1120 1058 1145 esse
1083 1120 1183 1156 quae
1208 1114 1371 1156 possunt
1385 1106 1418 1157 ?)
1447 1119 1538 1143 con-

173 1187 187 1217 :
211 1172 385 1211 siderans
417 1174 477 1211 vel
512 1172 642 1223 potius
675 1172 852 1211 iudicans
879 1171 962 1210 eius
989 1186 1107 1222 opera
1136 1171 1324 1209 accidisse
1354 1178 1392 1209 et
1421 1172 1536 1220 culpa

211 1237 404 1275 inimicior
424 1251 528 1276 eram
551 1237 643 1275 huic
670 1251 787 1286 quam
815 1236 888 1287 ipsi
909 1236 1077 1276 Caesari.
1136 1238 1189 1273 Vt
1219 1235 1383 1274 maiores
1413 1235 1535 1273 nostri

210 1303 463 1342 funestiorem
501 1303 607 1342 diem
643 1317 728 1342 esse
766 1304 975 1341 voluerunt
1008 1301 1192 1340 Alliensis
1224 1315 1378 1352 pugnae
1417 1315 1534 1351 quam

209 1368 315 1406 urbis
337 1377 487 1419 captae,
506 1370 614 1419 quod
635 1370 711 1407 hoe
733 1370 878 1406 malum
901 1382 947 1406 ex
967 1367 1034 1405 illo
1056 1367 1204 1418 (itaque
1224 1368 1319 1404 alter
1335 1365 1535 1415 religiosus

210 1433 327 1471 etiam
362 1448 468 1472 nunc
501 1434 598 1482 dies,
628 1436 724 1472 alter
754 1433 794 1471 in
826 1435 963 1483 vulgus
993 1432 1180 1483 ignotus),
1210 1431 1264 1469 sic
1294 1445 1366 1481 ego
1396 1432 1535 1469 decem

209 1511 403 1537 annorum
444 1507 606 1549 peccata
647 1500 857 1537 recordans
897 1497 937 1535 in
973 1497 1116 1547 quibus
1154 1496 1278 1535 inerat
1316 1495 1379 1534 ille
1418 1495 1534 1534 etiam

189 1577 335 1602 ,annus
376 1564 442 1614 qui
481 1578 553 1603 nos
593 1565 669 1602 hoe
709 1578 783 1601 non
822 1564 1072 1607 defendente,
1114 1575 1163 1600 ne
1202 1561 1330 1599 dicam
1368 1559 1534 1610 gravius,

208 1629 409 1669 adflixerat
434 1630 729 1680 praesentisque
759 1628 946 1679 temporis
982 1640 1224 1677 cognoscens
1259 1625 1529 1670 temeritatem,

209 1693 414 1744 ignaviam,
447 1694 732 1744 neglegentiam
772 1694 1061 1732 suscensebam.
1139 1692 1217 1730 Sed
1248 1705 1293 1729 ea
1324 1690 1400 1728 iam
1436 1690 1530 1727 mihi
1551 1694 1575 1731 3

209 1759 437 1797 exciderunt
454 1774 462 1807 3
491 1759 684 1798 beneficia
714 1759 891 1797 eiusdem
924 1757 1064 1808 cogit0‚
1101 1756 1231 1807 cogito
1263 1756 1379 1794 etiam
1412 1754 1533 1804 digni-

210 1832 328 1863 tatem
348 1839 358 1871 ς
404 1824 588 1874 intellego
637 1823 758 1862 serius
803 1823 987 1873 equidem
1036 1836 1154 1872 quam
1199 1823 1338 1859 vellem
1377 1828 1534 1870 propter

208 1889 393 1939 epistulas
427 1902 706 1939 sermonesque
739 1889 862 1935 Balbi,
899 1889 968 1926 sed
999 1887 1115 1926 video
1153 1888 1268 1937 plane
1302 1886 1398 1923 nihil
1427 1885 1533 1923 aliud

207 1954 281 2004 agi,
313 1954 410 1992 nihil
443 1962 575 1993 aetum
606 1955 656 1992 ab
690 1953 812 2000 initio,
849 1954 928 1991 m'si
957 1961 999 1991 ut
1029 1954 1136 1990 hunc
1167 1951 1374 1990 occideret.
1448 1952 1533 2000 Ego

208 2020 335 2070 igitur,
374 2020 473 2059 sieut
511 2020 575 2059 ille
612 2021 719 2070 apud
759 2021 982 2058 Homerum
1028 2018 1090 2056 cui
1133 2025 1171 2056 et
1216 2025 1339 2056 mater
1376 2024 1414 2055 et
1458 2018 1533 2055 dea

211 2085 382 2132 dixisset,

255 2199 268 2219 1
296 2190 359 2220 iam
378 2190 441 2219 iam
459 2189 548 2229 vulg.
673 2200 690 2229 7
717 2189 868 2219 Curtium
887 2188 995 2229 vulga
1021 2198 1081 2218 cur
1096 2193 1166 2218 tum
1184 2187 1235 2217 M¹
1256 2199 1262 2218 :
1287 2197 1347 2217 cur
1362 2197 1438 2218 eum
1456 2186 1530 2218 M²z

207 2234 263 2272 qui
282 2243 356 2263 eum
375 2232 440 2263 cod.
458 2232 676 2272 Mcffv'amcs:
701 2233 758 2263 del.
779 2233 864 2262 Boot
976 2242 1012 2270 13
1038 2241 1091 2261 me
1108 2231 1183 2261 add.
1205 2231 1379 2261 Casaubon
1494 2241 1529 2270 17

208 2277 358 2307 Aliensis
385 2277 476 2312 Boot,
502 2276 538 2315 cs.
559 2275 663 2306 Hertz
688 2276 734 2306 ad
759 2275 836 2306 Gell.
865 2275 907 2306 iv.
925 2286 946 2314 9
973 2277 1002 2308 6,
1023 2279 1051 2305 et
1075 2275 1223 2305 Nonium
1249 2285 1321 2313 379.
1340 2286 1359 2313 4
1491 2284 1528 2304 21

208 2330 275 2350 non
308 2320 383 2350 add.
424 2320 500 2350 Vics.
677 2331 715 2359 27
743 2320 806 2349 nisi
840 2319 912 2349 add.
952 2317 1156 2358 l‘Vesenssetgr
1200 2329 1299 2357 quam
1332 2317 1406 2349 add.
1442 2318 1529 2357 vulg.

209 2363 281 2401 Ego
300 2363 407 2394 Rom:
434 2374 474 2393 eo
491 2363 579 2394 codd.
783 2364 825 2393 28
850 2363 936 2393 sicut
954 2363 1010 2392 ille
1027 2362 1200 2393 Schmidt:
1224 2362 1251 2392 si
1269 2362 1347 2401 quid
1366 2361 1451 2392 codd.
1472 2373 1478 2392 :
1503 2363 1531 2392 si

206 2407 341 2445 quidem
362 2407 502 2437 Vrsinus
