1827 2798
198 153 269 191 IX.
292 153 370 191 xix
714 156 826 193 EPP.
859 156 936 192 AD
967 154 1227 192 ATTICVM

306 266 433 304 modis
460 266 603 315 quibus
631 265 735 304 idem
763 267 973 313 adfecerat,
994 272 1032 303 et
1063 264 1178 303 simul
1200 265 1308 314 quod
1336 278 1382 303 ea
1408 278 1509 315 quae
1534 265 1632 303 fiunt

302 339 369 369 aut
390 344 490 380 quae
511 338 614 369 certe
634 332 762 368 futura
782 339 873 368 sunt
893 330 1024 368 videre
1046 344 1126 368 non
1149 344 1320 380 possum.
1377 330 1506 368 Etiam
1527 330 1633 379 equi—

302 397 393 433 dem
424 403 581 433 senatus
610 397 791 434 consulta
819 397 921 433 facta
945 396 1141 444 quaedam
1173 395 1249 433 iam
1280 403 1388 445 puto,
1411 394 1561 433 utinam
1592 395 1631 432 in

302 460 463 498 Volcaci
490 461 748 499 sententiam!
806 462 884 499 Sed
911 461 1007 511 quid
1034 463 1182 500 refert?
1221 469 1280 499 est
1308 460 1413 498 enim
1442 474 1520 498 una
1549 473 1634 498 sen-

301 524 422 563 tentia
449 525 638 563 omnium.
698 526 776 564 Sed
806 525 877 563 erit
907 525 1193 564 immitissimus
1222 526 1388 572 Servius,
1413 525 1480 575 qui
1508 524 1629 562 filiurn
1651 534 1669 566 5

301 590 405 628 misit
434 591 485 628 ad
515 590 766 639 effligendum
798 592 870 629 Cn.
896 590 1130 640 Pompeium
1162 599 1229 629 aut
1258 599 1362 629 certe
1391 590 1629 640 capiendum

301 669 393 693 cum
415 656 557 694 Pontio
578 656 790 694 Titiniano.
852 656 935 694 Etsi
960 656 1024 694 hic
1048 656 1210 706 quidem
1239 656 1388 694 timoris
1415 669 1546 703 causa,
1567 655 1631 693 ille

301 723 425 759 vero?
481 722 559 759 Sed
587 721 822 759 stomachari
851 721 1078 760 desinamus
1105 730 1143 759 et
1170 721 1385 771 aliquando
1415 720 1629 759 sentiamus

302 786 398 824 nihil
423 786 537 825 nobis
565 787 649 834 nisi,
673 787 713 825 id
734 789 842 837 quod
869 787 1031 825 minime
1055 789 1210 834 vellem,
1231 786 1409 837 spiritum
1435 786 1628 837 reliquum

302 866 397 890 esse.
1651 867 1690 888 10

258 924 284 962 3
358 919 452 965 Nos,
476 918 663 968 quoniam
694 932 878 968 superum
910 932 1015 956 mare
1043 918 1255 964 obsidetur,
1280 918 1404 956 infero
1434 917 1629 968 navigabi-

282 981 389 1020 >mus
423 991 474 1031 et,
506 983 537 1021 si
572 984 745 1022 Puteolis
785 984 855 1022 erit
888 984 1056 1030 difficile,
1090 986 1306 1022 Crotonem
1346 991 1525 1033 petemus
1563 993 1629 1022 aut

301 1048 472 1087 'l'liurios
493 1057 530 1087 et
552 1049 646 1087 boni
667 1050 770 1088 cives
790 1058 967 1088 amantes
992 1049 1138 1099 patriae
1166 1063 1271 1088 mare
1299 1049 1485 1088 infestum
1513 1050 1632 1087 habe-

302 1114 441 1151 bimus.
501 1115 629 1152 Aliam
657 1115 848 1153 rationem
875 1114 991 1152 huius
1022 1114 1113 1153 belli
1139 1114 1301 1165 gerendi
1326 1117 1473 1153 nullam
1498 1114 1625 1153 video.

304 1180 350 1216 In
365 1181 587 1229 Aegyptum
605 1194 675 1218 nos
692 1181 894 1219 abdemus.
955 1180 1137 1218 Exercitu
1159 1194 1270 1230 pares
1287 1194 1371 1219 esse
1392 1194 1472 1218 non
1494 1194 1628 1231 possu-
1650 1196 1687 1227 15

256 1251 283 1290 4
304 1257 413 1291 mus;
443 1244 549 1294 pacis
571 1246 667 1283 fides
689 1247 795 1283 nulla
815 1254 882 1284 est.
944 1247 1022 1284 Sed
1043 1247 1140 1283 haec
1161 1245 1252 1283 satis
1274 1248 1476 1295 deplorata
1497 1255 1596 1284 sunt.

355 1311 417 1347 Tu
439 1310 553 1347 velim
576 1310 719 1348 litteras
742 1311 975 1361 Cephalioni
998 1313 1067 1349 des
1089 1313 1138 1349 de
1160 1312 1346 1350 omnibus
1374 1313 1490 1350 rebus
1517 1313 1626 1350 actis.

300 1374 472 1424 denique
502 1375 619 1413 etiam
646 1377 696 1413 de
723 1376 970 1414 sermonibus
1001 1377 1218 1423 hominum,
1243 1377 1316 1414 nisi
1347 1379 1463 1426 plane
1491 1378 1627 1415 obmu-

300 1446 466 1477 tuerunt.
527 1441 612 1488 Ego
640 1440 714 1477 tuis
739 1441 913 1479 consiliis
938 1456 1030 1479 usus
1061 1456 1146 1479 sum
1176 1442 1423 1492 maximeque
1454 1443 1561 1491 quod
1589 1450 1626 1480 et

297 1504 523 1553 gravitatem
550 1505 588 1542 in
616 1519 826 1555 congressu
853 1514 987 1545 nostro
1015 1508 1123 1545 tenui
1150 1521 1268 1557 quam
1297 1507 1417 1546 debui
1446 1515 1484 1545 et
1509 1515 1551 1545 ut
1575 1509 1623 1545 ad
1647 1522 1687 1543 20

298 1570 435 1607 urbem
463 1583 542 1608 non
569 1572 798 1609 accederem
825 1573 1077 1622 perseveravi.
1141 1574 1262 1621 Quod
1291 1581 1466 1622 superest
1486 1572 1623 1619 scribe,

297 1648 458 1684 quaeso,
479 1649 597 1685 quam
627 1637 918 1676 accuratissime
942 1638 1035 1688 (iam
1067 1638 1172 1676 enim
1201 1646 1373 1676 extrema
1400 1638 1507 1688 sunt)
1529 1638 1623 1687 quid

297 1702 459 1749 placeat,
483 1701 578 1750 quid
600 1716 785 1751 censeas3
817 1702 888 1741 etsi
910 1703 986 1740 iam
1008 1705 1115 1740 nulla
1135 1703 1331 1741 dubitatio
1352 1711 1420 1741 est.
1470 1704 1624 1741 Tamen

297 1764 327 1802 si
349 1764 444 1814 quid
466 1767 525 1804 vel
546 1767 676 1816 potius
697 1767 886 1817 quicquid
907 1767 1037 1806 veniet
1059 1767 1097 1805 in
1122 1776 1294 1806 mentem
1316 1768 1462 1806 scribas
1483 1767 1610 1806 velim.

300 1879 393 1943 Μῗῗ,
409 1880 445 1899 21
473 1875 508 1900 ut
525 1871 700 1943 adMulrbem
725 1881 791 1901 non
811 1870 893 1902 Ant.
910 1869 969 1901 FL
988 1870 1128 1912 (marg.)
1147 1870 1246 1902 Rom.
1265 1881 1271 1902 :
1306 1870 1349 1901 ad
1368 1869 1483 1901 urbem
1504 1875 1540 1902 ut
1558 1881 1624 1901 non

392 1924 398 1944 :
422 1923 487 1945 om.
507 1917 542 1943 ut
