1827 2798
134 139 204 177 IX.
228 138 304 177 viii
629 139 685 176 M.
717 139 886 176 TVLLI
917 137 1223 176 CICERONIS

254 251 414 289 Nullam
459 263 541 288 rem
586 262 775 298 umquam
819 247 1075 286 difficiliorem
1124 245 1302 297 cogitavi,
1343 248 1412 286 sed
1457 247 1586 298 cogito

254 324 386 354 tamen
412 329 485 353 nec
512 329 589 362 ero,
611 322 654 352 ut
674 314 713 351 in
734 313 857 360 malis,
880 312 1102 363 imparatus.
1162 313 1242 351 Sed
1267 326 1360 351 cura
1383 320 1425 351 ut
1444 314 1583 352 valeas.

253 382 356 419 Puto
376 380 481 418 enim
501 379 607 418 diem
628 386 739 417 tuum
761 377 843 416 heri
864 377 993 416 fuisse.

297 525 364 561 IX
528 527 598 560 δον.
618 527 651 558 z'n
669 527 850 558 Formiano
864 527 924 558 xvi
937 525 980 558 K.
1000 526 1087 567 Apr.
1106 536 1137 557 a.
1158 535 1214 566 705
1226 525 1312 568 (49).

669 621 845 652 CICERO
869 619 1044 651 ATTICO
1071 618 1169 651 SAL.
1605 632 1623 665 5

218 713 235 739 1
307 699 395 739 Tris
424 699 610 750 epistulas
639 706 725 737 tuas
753 698 887 749 accepi
916 697 1104 748 postridie
1136 698 1243 736 Idus.
1303 698 1426 735 Erant
1453 704 1586 736 autem

253 777 329 812 1111,
362 778 421 813 111,
455 765 579 815 pridie
614 766 711 802 Idus
749 765 874 802 datae.
953 762 1075 812 Igitur
1111 761 1406 812 antiquissimae
1444 762 1587 812 cuique

251 830 421 880 primum
445 830 705 879 respondebo.
764 828 960 867 Adsentio
987 827 1068 876 tibi,
1091 834 1133 865 ut
1163 826 1203 864 in
1231 827 1441 865 Formiano
1471 827 1587 877 potis-

251 895 395 933 simum
432 908 662 942 commorer,
697 894 815 933 etiam
846 895 897 933 de
936 907 1077 943 supero
1111 892 1221 941 mari,
1254 893 1513 942 †plaboquel·‚
1544 900 1587 930 ut

251 968 366 999 antea
394 962 444 999 ad
472 968 510 999 te
533 960 680 1010 scripsi,
703 974 925 1010 ecquonam
953 960 1074 997 modo
1103 957 1251 1009 possim
1278 959 1479 996 voluntate
1503 956 1586 995 eius
1609 971 1646 994 10

251 1027 399 1064 nullam
430 1025 484 1064 rei
514 1026 695 1076 publicae
728 1034 878 1075 partem
910 1025 1110 1074 attingere.
1170 1024 1292 1072 Quod
1326 1024 1461 1061 laudas
1496 1022 1587 1072 quia

252 1090 429 1129 oblivisci
460 1105 523 1129 me
551 1091 687 1141 scripsi
715 1099 807 1129 ante
836 1092 937 1128 facta
970 1098 1008 1129 et
1042 1089 1185 1128 delicta
1213 1088 1335 1127 nostri
1364 1087 1489 1135 amici,
1514 1102 1587 1138 ego

252 1170 343 1195 vero
372 1156 425 1195 ita
453 1156 564 1195 facio.
625 1156 733 1205 Quin
763 1170 809 1194 ea
838 1155 930 1206 ipsa,
961 1169 1061 1205 quae
1091 1169 1115 1193 a
1146 1162 1183 1193 te
1215 1161 1583 1199 commemorantur,

252 1234 363 1260 secus
392 1222 443 1259 ab
473 1235 519 1260 eo
550 1221 589 1259 in
619 1235 682 1260 me
712 1221 841 1271 ipsum
871 1222 973 1259 facta
1001 1234 1086 1259 esse
1114 1234 1195 1258 non
1222 1219 1394 1258 memini.
1454 1221 1585 1257 Tanto

252 1288 338 1337 plus
358 1288 464 1337 apud
486 1301 550 1325 me
569 1289 696 1325 valere
716 1286 883 1325 benefici
903 1285 1064 1336 gratiam
1086 1300 1204 1336 quam
1226 1285 1387 1324 iniuriae
1407 1285 1584 1324 dolorem
1607 1296 1642 1328 15

250 1352 352 1390 volo.
412 1352 618 1390 Faciamus
639 1352 763 1402 igitur,
786 1358 828 1389 ut
855 1365 1002 1398 censes,
1025 1351 1348 1402 conligamusque
1374 1364 1457 1390 nos.
1517 1352 1586 1390 Σο-

251 1419 415 1468 φιστεύω
436 1417 540 1455 enim
562 1417 676 1455 simul
704 1424 746 1454 ut
773 1431 837 1455 rus
866 1418 1031 1455 decurro
1060 1424 1179 1467 atque
1206 1417 1246 1455 in
1274 1419 1441 1457 decursu
1467 1419 1587 1459 θέσεις

253 1497 359 1522 meas
388 1482 646 1522 commentari
675 1496 756 1521 non
785 1481 935 1520 desino.
995 1483 1073 1521 Sed
1103 1492 1193 1522 sunt
1223 1486 1418 1535 quaedam
1452 1498 1585 1523 earum

253 1549 498 1599 perdifficiles
526 1549 577 1587 ad
608 1547 878 1587 iudicandum.
947 1550 1010 1587 De
1040 1550 1295 1600 optimatibus
1327 1551 1375 1590 sit
1406 1564 1500 1590 sane
1533 1551 1586 1590 ita

253 1622 295 1652 ut
325 1614 409 1661 Vis;
447 1615 516 1652 Sed
546 1613 649 1652 nosti
679 1613 776 1651 illud
807 1616 1026 1656 ίΔιονύσιος·
1054 1619 1092 1655 ἐν
1114 1620 1306 1671 Κορίνθῳ.’
1605 1633 1644 1657 20

307 1679 430 1717 Titini
468 1679 569 1716 filius
606 1680 712 1729 apud
751 1680 961 1719 Caesarem
999 1690 1067 1722 est.
1146 1686 1267 1733 Quod
1303 1694 1435 1725 autem
1474 1686 1586 1737 quasi

254 1744 374 1783 vereri
412 1744 553 1783 videris
592 1758 641 1783 ne
680 1744 776 1782 mibi
814 1753 880 1784 tua
918 1748 1081 1787 consilia
1119 1750 1366 1801 displiceant,
1397 1766 1460 1791 me
1493 1766 1584 1791 vero

255 1810 351 1847 nihil
371 1812 539 1848 delectat
565 1809 671 1848 aliud
701 1810 775 1848 nisi
803 1812 1010 1852 consilium
1037 1822 1076 1854 et
1102 1816 1250 1855 litterae
1271 1825 1369 1856 tuae.
1431 1819 1521 1866 Qua
1545 1832 1584 1857 re

252 1877 323 1921 fac,
347 1883 388 1913 ut
409 1876 593 1923 ostendis,
611 1890 660 1915 ne
680 1877 873 1917 destiteris
893 1881 943 1918 ad
965 1894 1028 1919 me
1048 1881 1237 1932 quicquid
1258 1882 1329 1921 tibi
1348 1882 1388 1921 in
1409 1891 1583 1922 mentem

251 1940 400 1979 venerit
420 1941 597 1980 scribere.
658 1942 760 1980 Mihi
780 1944 875 1982 nihil
897 1953 1026 1995 potest
1046 1960 1131 1985 esse
1150 1947 1304 1997 gratius.
1603 1957 1642 1990 25

209 2017 236 2046 2
306 2007 436 2045 Venio
465 2009 515 2046 ad
538 2009 698 2047 alteram
728 2024 834 2048 nunc
859 2011 1076 2061 epistulam.
1138 2014 1261 2051 Recte
1282 2027 1362 2052 non
1384 2013 1509 2052 credis
1534 2015 1585 2053 de

253 2085 417 2111 numero
439 2073 605 2112 militum
623 2089 630 2120 ;
659 2075 744 2126 ipso
765 2076 931 2114 dimidio
952 2078 1038 2127 plus
1059 2077 1210 2127 scripsit
1232 2078 1383 2117 Clodia.
1426 2080 1584 2117 Falsum

252 2137 369 2176 etiam
404 2139 453 2177 de
485 2141 674 2191 corruptis
706 2142 882 2180 navibus.
942 2144 1063 2191 Quod
1095 2145 1298 2182 consulem
1330 2145 1476 2192 laudas,
1511 2157 1583 2194 ego

295 2245 315 2274 8
339 2243 506 2275 Adsentio
525 2245 566 2275 M
579 2247 683 2286 vulg„
704 2246 741 2285 (f
763 2246 810 2277 ad
821 2247 876 2278 vii.
895 2257 924 2286 3.
941 2258 982 2286 3:
1007 2247 1194 2278 Adsentior
1210 2248 1323 2279 Baiter
1460 2259 1480 2287 9
1505 2259 1581 2287 per-

252 2286 348 2318 labor
363 2288 399 2318 l:
433 2290 674 2329 temptaboque
695 2289 893 2330 Nz'ppcrdqv:
932 2291 1144 2330 palpaboque
1161 2292 1303 2323 Rosius:
1327 2292 1407 2331 sort.
1428 2292 1581 2331 perlabo-

254 2341 359 2370 roque
518 2343 555 2371 13
581 2339 888 2364 commemorantur
915 2345 1015 2365 secus
1032 2359 1038 2366 .
1060 2359 1067 2366 .
1087 2361 1092 2366 .
1114 2336 1201 2366 facta
1229 2346 1317 2375 esse,
1349 2346 1416 2365 non
1442 2335 1580 2365 memini

258 2373 447 2413 Wnsenbexgr
586 2379 625 2407 16
650 2376 833 2415 Σοφιστεύω
850 2377 991 2408 Bost'us:
1019 2379 1139 2410 festivo
1156 2378 1227 2408 MZ
1369 2389 1403 2418 17
1430 2384 1528 2418 atque
1547 2379 1580 2409 in

253 2418 395 2449 decursu
414 2419 444 2448 Z
460 2421 548 2450 (leste
565 2420 709 2462 Baitero)
726 2431 733 2451 :
765 2425 866 2460 atque
884 2432 982 2452 cursu
1002 2421 1043 2452 M
1202 2424 1244 2453 28
1268 2422 1442 2453 consulem
1470 2421 1580 2454 M¹C:

253 2462 412 2494 consules
429 2463 516 2503 vulg.
