1827 2798
151 614 167 645 5

132 941 170 962 10

129 1727 168 1748 20

590 163 702 201 EPP.
734 164 812 201 AD
844 164 1104 204 ATTICVM
1409 166 1520 203 XIV.
1543 166 1587 202 iii

232 290 306 326 III
462 294 531 326 Ser.
550 295 583 326 in
605 295 790 327 Tusculano
807 307 827 327 v
842 296 890 328 Id.
910 296 993 338 Apr.
1013 308 1042 329 a.
1066 308 1123 337 710
1143 297 1230 338 (44).

599 385 774 416 CICERO
804 385 978 416 ATTICO
1011 386 1108 418 SAL.

243 472 494 522 Tranquillae
515 480 604 511 tuae
626 473 787 522 quidem
808 473 968 512 litterae.
1030 476 1151 523 Quod
1173 475 1323 513 utinam
1345 475 1490 515 diutius
1512 480 1517 514 ἲ
1540 488 1555 514 1

190 551 280 575 nam
313 537 460 575 Matius
481 551 596 588 posse
617 538 796 587 negabat.
858 540 963 576 Ecce
992 547 1126 577 autem
1158 548 1366 578 structores
1397 542 1518 579 nostri

187 603 238 640 ad
277 603 517 640 frumentum
557 602 731 652 profecti,
769 616 859 640 cum
899 603 1036 641 inanes
1075 603 1279 651 redissent,
1320 619 1515 644 rumorem

187 667 368 704 adferunt
389 679 574 715 magnum
598 668 751 705 Romae
775 668 938 705 domum
961 669 1011 705 ad
1033 668 1255 706 Antonium
1277 671 1515 708 frumentum

188 744 306 769 omne
327 731 481 781 portari.
539 733 702 770 Πανικὸν
723 740 851 779 certe3
881 732 1100 782 scripsisses
1122 733 1239 771 enim.
1291 736 1515 773 Corumbus

189 795 302 833 Balbi
330 797 458 833 nullus
484 797 639 834 adhuc:
674 804 732 835 est
759 796 854 834 mihi
885 805 1022 835 notum
1053 811 1225 846 nomen3
1260 799 1384 837 bellus
1410 800 1514 838 enim

188 874 273 899 esse
294 860 435 898 dicitur
454 861 700 900 architectus.

243 927 307 963 Ad
341 925 631 975 obsignandum
666 934 706 964 tu
745 926 945 964 adhibitus
980 941 1060 966 non
1092 927 1176 966 sine
1208 942 1325 966 causa
1361 929 1509 967 videris
1533 939 1556 965 2

189 992 337 1027 Volunt
358 990 462 1028 enim
484 1004 556 1028 nos
576 990 630 1028 ita
649 999 810 1041 putare3
839 991 972 1030 nescio
999 1006 1067 1030 cur
1093 1006 1173 1030 non
1200 993 1334 1031 animo
1355 1007 1514 1043 quoque

187 1054 367 1092 sentiant.
427 1056 505 1093 Sed
530 1055 625 1105 quid
646 1057 743 1093 haec
764 1057 814 1093 ad
835 1059 940 1094 nos?
996 1057 1173 1095 Odorare
1202 1065 1334 1095 tamen
1365 1058 1514 1096 Antoni

187 1120 374 1167 διάθεσιν;
404 1133 522 1169 quem
550 1120 712 1169 quidem
734 1134 806 1170 ego
827 1122 1028 1170 epularum
1060 1121 1181 1171 magis
1211 1122 1375 1160 arbitror
1404 1123 1515 1161 ratio-

187 1198 278 1223 nem
300 1185 444 1222 habere
466 1197 584 1234 quam
607 1184 819 1234 quicquam
841 1185 931 1223 mali
953 1185 1134 1236 cogitare.

239 1251 302 1287 Tu
323 1249 354 1287 si
376 1249 472 1299 quid
492 1251 747 1301 πραγματικὸν
767 1250 889 1288 habes
910 1250 1079 1289 rescribe
1096 1266 1105 1298 3
1133 1250 1192 1289 sin
1214 1251 1355 1298 minus,
1379 1252 1514 1302 populi

186 1316 440 1365 ἐπισημασίαν
459 1322 498 1354 et
518 1314 727 1353 mimorum
745 1315 850 1353 dicta
866 1306 1107 1365 perscribito.
1159 1316 1280 1355 Piliae
1300 1324 1339 1355 et
1360 1317 1514 1357 Atticae

185 1381 362 1418 salutem.

227 1532 293 1567 IV
505 1534 575 1567 Scr.
587 1533 728 1566 Lanuvi
740 1535 772 1566 iv
786 1534 836 1566 Id.
856 1534 941 1576 Apr.
961 1546 990 1565 α.
1012 1545 1069 1574 710
1089 1534 1177 1575 (44).

597 1623 770 1656 CICERO
802 1624 973 1655 ATTICO
1007 1624 1106 1657 SAL.

241 1714 447 1765 Numquid
476 1721 590 1764 putas
625 1727 688 1752 me
722 1712 906 1751 Lanuvi?
960 1714 1020 1750 Ac
1059 1726 1132 1763 ego
1170 1719 1208 1751 te
1246 1712 1332 1751 istic
1366 1713 1511 1752 cotidie
1532 1725 1547 1751 1

185 1778 332 1829 aliquid
360 1779 451 1817 novi
473 1779 658 1830 suspicor.
730 1780 905 1816 Tument
934 1777 1100 1828 negotia.
1172 1779 1275 1816 Nam
1306 1792 1396 1816 curn
1429 1780 1512 1817 Ma-

184 1844 271 1891 tius,
288 1844 382 1894 quid
404 1858 540 1882 censes
561 1844 742 1882 ceteros?
799 1841 997 1892 Equidem
1018 1843 1146 1888 doleo,
1163 1844 1271 1892 quod
1293 1856 1510 1892 numquam

185 1908 223 1946 in
245 1910 323 1947 ulla
342 1909 497 1947 civitate
517 1908 659 1947 accidit
686 1920 768 1945 non
795 1920 873 1944 una
893 1920 982 1945 cum
1008 1906 1187 1945 libertate
1207 1921 1287 1946 rem
1309 1908 1509 1958 publicam

184 1973 448 2022 reciperatam.
522 1972 723 2011 Horribile
762 1979 820 2010 est
858 1985 959 2021 quae
998 1973 1218 2021 loquantur,
1260 1987 1361 2022 quae
1400 1974 1510 2012 mini-

148 2053 163 2083 5
186 2044 323 2076 tentur.
384 2040 443 2076 Ac
471 2051 606 2076 vereor
645 2036 796 2075 Gallica
832 2035 950 2074 etiam
985 2037 1098 2083 bella,
1132 2036 1216 2086 ipse
1254 2038 1392 2075 Sextus
1428 2052 1508 2088 quo

183 2104 333 2140 evadat.
393 2103 470 2141 Sed
500 2102 632 2140 onmia
660 2101 750 2138 licet
779 2109 1024 2146 concurrant,
1048 2103 1143 2139 Idus
1175 2102 1341 2140 Martiae
1370 2115 1507 2141 conso·
1526 2116 1550 2142 2

183 2167 320 2205 lantur.
381 2167 514 2205 Nostri
543 2174 674 2204 autem
704 2166 826 2214 ἥρωες,
849 2166 957 2214 quod
984 2179 1052 2215 per
1076 2165 1181 2216 ipsos
1203 2167 1345 2205 confici
1367 2168 1504 2217 potuit,

225 2271 245 2299 8
271 2275 320 2300 est
343 2269 549 2309 ll'csenbetgz
574 2274 606 2299 et
625 2268 711 2298 codd.
731 2280 738 2299 :
763 2268 825 2298 etsi
844 2267 961 2298 Klots:
1001 2269 1059 2298 sed
1077 2268 1207 2299 Ernesti
1339 2280 1375 2309 15
1401 2270 1506 2301 habes

182 2314 331 2344 rescribe
349 2311 392 2342 Z!
411 2314 511 2344 Rom.
530 2324 537 2343 t
582 2312 706 2342 habere
724 2312 881 2341 scribises
904 2311 955 2340 ΛΓ
975 2322 982 2342 :
1006 2312 1129 2343 habere
1147 2312 1256 2343 scribe
1274 2312 1331 2342 M2
1348 2325 1354 2344 ι
1380 2314 1505 2344 habere

181 2358 309 2387 scribes
328 2356 390 2386 cod.
410 2357 623 2387 Fanrz'amcs:
656 2355 760 2385 habes
776 2355 905 2385 scribes
927 2355 1013 2392 vulg.
1112 2366 1155 2387 20
1180 2356 1349 2396 Numquid
1369 2358 1505 2396 qm'dam

181 2400 273 2434 apud
302 2400 534 2430 Lambinum:
572 2398 670 2430 Nune
701 2399 781 2438 quid
813 2397 901 2428 codd.
929 2398 1015 2438 vulg.
1187 2410 1226 2439 27
1253 2410 1315 2440 per
1344 2411 1380 2431 se
1413 2401 1504 2440 ipsos

181 2443 371 2474 EO2RM²s
