1827 2798
571 156 684 194 EPP.
716 155 794 192 AD
825 152 1084 192 ATTICVM
1388 149 1483 186 XII.
1506 147 1553 184 xl

163 266 203 305 in
232 273 466 317 perpetuum
494 265 618 313 amisi,
649 264 872 304 constantia
900 272 939 303 et
968 262 1130 302 firmitas
1158 275 1232 301 nec
1265 259 1386 299 animi
1414 271 1488 297 nec

163 331 349 370 orationis
378 331 603 381 requiretur.

218 398 280 434 De
310 396 430 434 hortis
460 395 690 446 Scapulanis
719 397 796 434 hoc
825 395 979 433 videtur
1006 393 1107 432 effici
1136 407 1263 444 posse,
1284 391 1392 431 aliud
1421 398 1489 429 tua
1506 400 1534 439 4

163 460 292 511 gratia,
323 461 432 499 aliud
463 469 605 507 nostra,
641 468 684 498 ut
717 460 902 510 praeconi
933 459 1184 497 subiciantur.
1246 459 1294 496 Id
1326 456 1399 494 nisi
1433 456 1488 502 fit,

126 539 143 571 5
164 527 427 564 excludemur.
487 526 556 564 Sin
575 527 627 563 ad
647 526 822 563 tabulam
843 524 1034 570 venimus,
1058 524 1261 561 vincemus
1288 523 1491 559 facultates

165 590 336 630 Othonis
362 597 495 628 nostra
522 589 749 640 cupiditate.
810 591 915 627 Nam
945 589 1053 638 quod
1081 589 1132 626 ad
1160 601 1223 625 me
1247 588 1297 625 de
1321 587 1492 623 Lentulo

165 655 311 703 scribis,
327 668 407 692 non
429 658 511 695 †est
527 654 568 692 in
587 658 671 694 eol:
724 654 940 692 Faberiana
960 654 1081 691 modo
1102 666 1161 691 res
1181 659 1287 690 certa
1305 650 1354 688 sit
1370 658 1492 700 tuque

164 719 321 766 enitare,
344 720 454 769 quod
474 719 579 766 facis,
602 719 712 768 quod
731 720 915 756 volumus
935 731 1235 767 consequemur.

219 785 340 833 Quod
370 784 524 834 quaeris
543 797 664 833 quam
690 783 760 821 diu
787 782 874 821 hic:
905 796 1052 832 paucos
1083 782 1177 821 dies.
1236 782 1315 820 Sed
1341 788 1489 819 certum
1511 784 1536 824 5

108 867 147 891 10
165 863 247 887 non
267 850 406 887 habeo.
466 849 591 887 Simul
609 862 657 886 ac
685 848 937 895 constituero,
960 849 1011 886 ad
1041 855 1079 886 te
1105 847 1285 893 scribam,
1308 854 1347 884 et
1373 852 1415 884 tu
1442 845 1494 883 ad

166 928 229 952 me
249 928 368 964 quam
388 914 457 952 diu
478 913 518 951 in
538 913 767 951 suburbano
793 913 844 950 sis
865 914 1028 950 futurus.
1087 913 1181 960 Quo
1201 911 1266 950 die
1292 924 1365 960 ego
1384 911 1435 948 ad
1456 917 1495 948 te

165 980 263 1017 haec
297 979 394 1026 misi,
431 980 482 1017 de
515 978 612 1016 Pilia
644 986 683 1016 et
715 977 847 1016 Attica
880 977 976 1014 mihi
1015 990 1176 1027 quoque
1213 977 1354 1015 eadem
1392 987 1495 1025 quae

165 1044 301 1083 scribis
330 1052 369 1083 et
396 1043 620 1083 scribuntur
648 1050 687 1081 et
713 1042 953 1080 nuntiantur.

208 1191 313 1226 XLI
498 1191 566 1224 Scr.
587 1191 738 1223 Asturae
753 1202 773 1222 v
787 1190 838 1223 Id.
858 1190 939 1222 Mai.
956 1201 987 1223 a.
1009 1201 1068 1232 709
1086 1190 1169 1232 (45).

109 1299 146 1330 ¹5
568 1279 742 1312 CICERO
772 1278 955 1311 ATTICO
984 1278 1091 1311 SAL.

220 1370 329 1409 Nihil
364 1377 445 1409 erat
475 1370 584 1419 quod
617 1368 840 1407 scriberem.
899 1367 1005 1406 Scire
1043 1374 1175 1406 tamen
1205 1368 1386 1406 volebam
1425 1366 1530 1408 ubi1

166 1450 296 1483 esses3
335 1435 367 1474 si
403 1435 499 1473 abes
535 1441 604 1472 aut
640 1435 817 1472 afuturus
854 1446 908 1480 es,
944 1434 1106 1483 quando
1144 1433 1338 1471 rediturus
1375 1445 1491 1471 esses.

168 1500 304 1539 Facies
342 1500 456 1550 igitur
493 1498 710 1537 certiorem.
771 1499 822 1536 Et
859 1499 969 1548 quod
1007 1505 1050 1536 tu
1088 1497 1186 1536 scire
1223 1498 1383 1536 volebas
1422 1509 1496 1547 ego

168 1567 328 1616 quando
348 1580 395 1604 ex
411 1567 488 1603 hoc
508 1566 608 1611 loco,
627 1563 816 1614 postridie
833 1564 929 1602 Idus
946 1562 1099 1601 Lanuvi
1118 1563 1304 1601 constitui
1324 1576 1494 1610 manere,

111 1646 150 1668 20
168 1631 261 1670 inde
294 1630 483 1681 postridie
511 1630 552 1668 in
585 1631 815 1668 Tusculano
847 1637 916 1667 aut
947 1631 1110 1667 Romae.
1170 1630 1311 1667 Vtrum
1341 1628 1414 1667 sim
1445 1629 1497 1666 fa-

168 1705 299 1735 cturus
319 1710 367 1735 eo
388 1697 474 1747 ipso
495 1696 559 1735 die
579 1695 688 1734 scies.

221 1762 304 1801 Scis
333 1776 453 1812 quam
482 1762 531 1800 sit
560 1763 749 1811 φιλαίτιον
775 1762 968 1812 συμφορά,
992 1760 1155 1799 minime
1184 1759 1224 1798 in
1253 1767 1292 1799 te
1321 1759 1493 1810 quidem,
1514 1774 1539 1802 2

170 1828 240 1865 sed
260 1834 392 1865 tamen
411 1826 526 1865 avide
546 1841 633 1865 sum
660 1828 840 1865 adfectus
863 1828 915 1865 de
944 1827 1048 1873 fano,
1071 1826 1180 1875 quod
1200 1824 1275 1863 nisi
1304 1838 1385 1864 non
1405 1824 1497 1864 dico

170 1893 354 1930 effectum
383 1891 454 1930 erit
484 1893 553 1930 sed
580 1891 663 1930 fieri
689 1891 824 1930 videro
853 1891 1027 1942 (audebo
1053 1891 1131 1929 hoc
1157 1889 1287 1929 dicere
1317 1897 1355 1928 et
1383 1897 1426 1928 tu
1456 1897 1498 1928 ut

113 1968 150 1999 25
172 1958 273 1995 soles
306 1956 503 2006 accipies),
541 1956 755 1995 incursabit
784 1956 824 1994 in
854 1965 892 1995 te
921 1957 1035 1994 dolor
1066 1968 1177 1993 meus
1210 1968 1292 1993 non
1323 1954 1405 1993 iure
1434 1954 1498 1993 ille

171 2021 333 2070 quidem
363 2023 432 2060 sed
453 2029 586 2059 tamen
615 2023 714 2059 feres
740 2022 817 2059 hoc
847 2021 975 2070 ipsum
1003 2021 1113 2070 quod
1140 2019 1269 2057 scribo
1295 2027 1338 2057 ut
1364 2018 1500 2058 omnia.

172 2099 260 2123 mea
279 2087 354 2124 fers
380 2099 426 2124 ac
454 2085 586 2123 tulisti.
646 2085 787 2124 Omnis
815 2092 900 2123 tuas
930 2084 1223 2123 consolationes
1247 2097 1367 2121 unam
1394 2085 1497 2123 hanc

172 2150 211 2187 in
243 2163 324 2188 rem
356 2149 472 2188 velim
503 2151 692 2188 conferas.
752 2148 792 2187 Si
829 2148 982 2198 quaen's
1017 2148 1113 2197 quid
1146 2155 1293 2198 optem,
1326 2147 1495 2198 primum
1515 2154 1540 2192 3

173 2216 374 2265 Scapulae,
390 2215 535 2253 deinde
552 2214 728 2261 Clodiae,
749 2221 896 2264 postea,
915 2213 947 2252 si
967 2213 1083 2252 Silius
1103 2215 1222 2261 nolet,
1242 2215 1394 2252 Drusus
1409 2221 1497 2263 aget

218 2329 234 2357 7
261 2324 312 2349 est
330 2319 363 2349 in
378 2319 434 2359 eo]
451 2319 593 2349 aestimo
611 2318 714 2349 Reid:
739 2318 924 2348 extimesco
941 2316 1101 2358 Madvig:
1124 2322 1175 2349 est
1192 2318 1358 2350 solvendo
1373 2317 1498 2349 Shuck-

174 2362 278 2401 burgh
392 2372 431 2393 10
453 2363 509 2403 ac]
529 2362 654 2401 aliquid
673 2361 800 2399 Mallem
820 2361 856 2400 gf.
877 2360 962 2391 Reid
973 2361 1020 2391 ad
1033 2361 1138 2392 Acad.
1155 2362 1188 2393 ii.
1207 2371 1249 2401 34
1363 2363 1402 2392 18
1426 2367 1501 2394 ante

174 2406 354 2436 certiorem
371 2404 446 2437 add.
466 2415 519 2436 me
535 2406 638 2446 vulg„
654 2408 730 2445 post
746 2405 924 2436 certiorem
941 2405 1056 2435 Baiter
