1827 2798
171 139 290 176 XIII.
315 139 493 177 xxxiiia
695 139 751 175 M.
782 138 951 174 TVLLI
983 136 1290 175 CICERONIS

322 253 542 301 paenulam.
617 251 770 286 Tamen
811 255 1081 286 remanserunt
1124 247 1346 299 ceciditque
1388 248 1500 287 belle.
1578 250 1656 288 Sed

321 329 413 354 casu
445 327 572 352 sermo
602 327 624 351 a
652 313 847 363 Capitone
877 314 927 351 de
957 313 1053 351 urbe
1082 314 1273 363 augenda,
1301 327 1324 351 a
1353 321 1474 364 ponte
1502 314 1656 352 Mulvio

321 380 496 418 Tiberim
532 378 623 417 duci
654 380 875 416 secundum
906 378 1050 416 montis
1081 378 1305 425 Vaticanos‚
1338 392 1523 429 campum
1555 381 1658 417 Mar-

320 445 417 483 tium
457 443 716 490 coaedificari,
754 443 863 480 illum
903 451 1034 481 autem
1074 456 1259 493 campum
1298 443 1536 481 Vaticanum
1575 443 1656 481 fieri

320 508 430 559 quasi
463 508 651 546 Martium
687 521 883 557 campum.
947 507 1080 556 ‘Quid
1110 507 1224 546 ais?’
1263 507 1450 558 inquam3
1491 512 1553 546 ‘at
1583 522 1656 558 ego

319 576 370 613 ad
392 574 565 612 tabulam
588 582 640 620 ut,
664 573 695 611 si
723 581 826 611 recte
853 587 1021 623 possem,
1046 575 1288 623 Scapulanos
1309 574 1467 611 hortos.'
1528 574 1657 612 ‘Cave

318 639 461 678 facias'
482 639 609 689 inquit
627 654 633 681 ;
666 642 674 658 ‘
688 652 779 676 nam
807 638 880 676 ista
906 640 968 676 lex
992 639 1229 688 perfereturg
1257 639 1339 676 vult
1360 638 1465 676 enim
1487 639 1656 678 Caesar.'

319 704 468 743 Audire
489 718 552 742 me
573 704 686 742 facile
707 717 844 753 passus
865 717 963 750 sum,
987 702 1068 741 fieri
1089 711 1221 741 autern
1242 704 1407 741 moleste
1427 704 1519 742 fero.
1577 705 1656 743 Sed

319 777 361 807 tu
382 769 478 819 quid
498 769 584 807 ais?
642 770 896 818 Quamquam
918 768 1014 818 quid
1036 770 1211 817 quaero?
1268 768 1385 806 Nosti
1412 768 1653 819 diligentiam

320 834 526 885 Capitonis
571 834 611 872 in
654 835 770 872 rebus
815 834 927 872 novis
972 833 1254 884 perquirendis,
1333 835 1427 873 Non
1472 835 1655 874 concedit

320 899 499 939 Camillo.
562 900 696 937 Facies
718 913 781 938 me
805 899 920 949 igitur
939 898 1145 937 certiorem
1166 900 1215 937 de
1238 898 1388 937 Idibus.
1448 901 1530 938 Ista
1550 900 1655 938 enirn

321 979 385 1003 me
411 979 470 1003 res
499 965 735 1003 adducebat.
796 967 856 1003 Eo
885 964 1140 1002 adiunxeram
1171 972 1318 1002 ceteras
1339 977 1436 1014 quas
1466 964 1656 1015 consequi

323 1038 455 1068 tamen
476 1030 600 1069 biduo
621 1037 687 1068 aut
708 1030 838 1069 triduo
858 1038 947 1080 post
968 1029 1080 1068 facile
1101 1037 1249 1080 potero.
1302 1031 1361 1067 Te
1382 1037 1514 1068 tamen
1535 1029 1575 1067 in
1595 1030 1657 1068 via

217 1101 304 1141 2(5)
323 1096 465 1134 confici
501 1096 662 1134 minime
693 1098 807 1143 volo3
850 1095 945 1146 quin
979 1095 1097 1134 etiam
1134 1095 1327 1145 Dionysio
1361 1095 1532 1145 ignosco.
1594 1097 1656 1134 De

324 1163 446 1200 Bruto
476 1163 584 1211 quod
614 1161 760 1203 scribis.
792 1161 866 1200 feci
896 1168 938 1199 ut
969 1160 1004 1200 ei
1033 1161 1199 1199 liberum
1230 1169 1342 1208 esset,
1374 1162 1483 1210 quod
1511 1163 1562 1200 ad
1592 1175 1655 1200 me

319 1225 511 1264 attineret.
572 1226 715 1277 Scripsi
736 1226 841 1265 enim
862 1227 913 1265 ad
933 1240 1024 1265 eum
1044 1225 1127 1265 heri
1150 1225 1288 1265 Idibus
1316 1225 1398 1264 eius
1420 1239 1538 1276 opera
1559 1225 1655 1264 mihi

321 1290 417 1329 nihil
439 1305 538 1342 opus
559 1306 654 1331 esse.

365 1490 563 1527 XXXIV
651 1493 719 1526 Scr.
739 1493 886 1525 Asturae
901 1495 934 1525 υἱ
947 1494 990 1526 Κ.
1011 1493 1100 1526 Sext.
1121 1506 1151 1527 a.
1175 1505 1233 1537 709
1252 1495 1334 1538 (45).

741 1587 914 1620 CICERO
944 1589 1125 1620 ATTICO
1154 1589 1258 1622 SAL.

377 1689 561 1725 Asturam
596 1684 685 1723 veni
717 1696 791 1722 vm
830 1686 917 1722 Kal.
952 1686 1103 1734 vesperi.
1177 1685 1340 1724 Vitandi
1375 1685 1481 1724 enim
1515 1685 1654 1724 caloris

321 1765 439 1790 causa
471 1749 623 1788 Lanuvi
653 1749 719 1787 tris
750 1751 865 1787 horas
895 1749 1181 1799 acquieveram.
1241 1753 1303 1788 Tu
1331 1751 1458 1797 velim,
1483 1750 1513 1789 si
1540 1764 1654 1801 grave

322 1830 402 1855 non
424 1816 505 1862 erit,
529 1814 673 1853 efficias
694 1828 744 1852 ne
764 1822 855 1852 ante
878 1816 1015 1852 Nonas
1037 1815 1132 1852 mihi
1155 1815 1245 1853 illuc
1266 1816 1506 1854 veniendum
1528 1816 1576 1853 sit
1598 1816 1655 1865 (id

322 1890 434 1932 potes
455 1895 523 1931 per
541 1881 752 1931 Egnatium
770 1882 1020 1931 Maximum),
1037 1883 1133 1921 illud
1155 1883 1194 1920 in
1215 1883 1360 1933 primis,
1377 1896 1466 1920 cum
1485 1881 1655 1919 Publilio

323 1961 386 1985 me
406 1947 569 1985 absente
590 1946 787 1984 conficias.
849 1949 910 1985 De
931 1961 1011 1997 quo
1032 1961 1132 1997 quae
1154 1949 1257 1985 fama
1278 1947 1325 1985 sit
1347 1947 1503 1985 scribes.

676 2013 747 2049 ‘Id
777 2014 946 2062 populus
976 2020 1084 2050 curat
1114 2012 1306 2051 scilicetl'

324 2079 417 2116 Non
434 2090 496 2116 me
513 2078 672 2115 hercule
687 2077 852 2115 arbitror
867 2092 877 2125 ,-
907 2077 1053 2116 etenim
1070 2079 1168 2116 haec
1184 2079 1393 2116 decantata
1413 2085 1494 2116 erat
1510 2077 1651 2116 fabula.

370 2193 382 2213 1
410 2184 598 2222 ceciditque
619 2183 649 2213 O
667 2183 753 2214 Crat.
773 2183 890 2213 codices
906 2182 1005 2213 Bosi:
1034 2182 1208 2221 cecidique
1226 2181 1275 2213 P:
1301 2182 1407 2212 cecidi
1427 2186 1454 2212 Δ
1471 2181 1507 2214 I:
1534 2181 1654 2213 cecidit

326 2227 424 2257 Rom.
519 2228 603 2267 Sed]
623 2227 752 2257 scilicet
774 2227 963 2266 Wesenhasg
1093 2236 1112 2264 3
1137 2227 1212 2256 duci
1232 2225 1277 2257 C:
1303 2226 1399 2264 pauci
1418 2229 1490 2257 ΣΔτ
1515 2225 1653 2264 perduci

324 2270 447 2300 Rosius
540 2281 575 2309 15
603 2271 709 2301 Bruto
729 2270 833 2301 CPO¹
855 2281 862 2301 t
888 2269 1062 2308 hyutoM:
1090 2269 1204 2300 Hirtio
1225 2268 1269 2300 Οἳ
1289 2269 1374 2299 Cral.
1389 2269 1490 2300 Rom.
1508 2269 1528 2299 J
1616 2270 1655 2299 16

327 2314 440 2344 Idibus
464 2314 556 2345 Man.
577 2325 582 2343 :
620 2314 666 2346 Id.
688 2314 764 2344 maii
791 2313 852 2343 M:
879 2314 993 2343 Idibus
1021 2313 1150 2343 Romae
1175 2313 1327 2344 Sslzmidt
1414 2323 1456 2343 20
1475 2315 1551 2352 post
1576 2312 1650 2343 Kal.

325 2357 402 2388 add.
423 2358 477 2389 iul.
497 2357 545 2395 M,
563 2358 639 2388 add.
653 2357 787 2397 vesperi
803 2361 875 2396 post
891 2357 966 2387 veni
983 2355 1106 2387 Schz‘ztz
1216 2366 1257 2395 23
1281 2360 1355 2386 (mle
1373 2367 1448 2387 cum
1472 2355 1547 2386 add.
1571 2360 1607 2385 ut
1623 2355 1652 2385 L

326 2402 465 2441 (flung.)
483 2412 511 2430 v.
527 2412 548 2431 c.
568 2396 610 2429 Zf'
795 2411 835 2438 24
862 2411 914 2430 me
933 2401 1072 2431 absente
1089 2400 1213 2430 Sclntitz
1229 2400 1295 2431 coll.
1316 2410 1356 2438 47
1369 2411 1387 2430 a
1405 2410 1423 2429 2
1441 2411 1447 2430 z
1472 2410 1545 2429 mea
1563 2409 1651 2438 pene

324 2445 466 2475 absente
482 2444 539 2475 M:
566 2455 617 2474 me
635 2449 776 2483 apsente
796 2443 930 2475 Mt‘iller:
958 2454 1011 2474 me
1028 2448 1209 2483 praesente
1227 2444 1365 2474 absente
1382 2442 1573 2483 Peerlkamp

1677 850 1715 872 10

1676 1699 1714 1720 20

1676 2023 1712 2053 25
