1827 2798
206 138 252 174 X.
273 137 333 174 vii
670 137 725 174 M.
758 137 925 174 TVLLI
957 135 1264 174 CICERONIS

304 249 373 286 sed
400 261 445 287 ea
472 261 552 286 non
576 247 710 296 agitur.
772 245 980 295 Regnandi
1010 245 1213 284 contentio
1236 253 1305 293 est,
1328 245 1367 284 in
1395 260 1472 296 qua
1498 247 1633 296 pulsus

303 321 359 351 est
382 313 596 351 modestior
616 326 680 350 rex
701 319 738 349 et
759 311 917 361 probior
937 319 975 349 et
995 311 1179 361 integrior
1199 319 1236 349 et
1256 311 1298 358 is,
1318 311 1385 361 qui
1405 311 1479 349 nisi
1500 311 1630 357 vincit,

303 391 447 415 nomen
487 376 623 426 populi
663 375 835 413 Romani
873 377 1049 414 deleatur
1092 389 1254 414 necesse
1293 383 1362 422 est,
1402 375 1461 413 sin
1499 383 1632 413 autem

300 441 430 487 vincit,
455 442 616 479 Sullano
641 454 748 479 more
773 441 1033 490 exemploque
1053 439 1194 478 vincet.
1255 442 1358 490 Ergo
1385 441 1458 478 hac
1482 440 1521 477 in
1542 454 1633 478 con-

301 505 476 544 tentione
497 513 679 544 neutrum
700 506 770 545 tibi
795 509 923 557 palam
951 506 1202 545 sentiendum
1223 514 1261 545 et
1281 506 1447 556 tempori
1469 506 1634 545 servien-
1653 521 1670 551 5

301 572 396 608 (lum
418 579 485 609 est.
548 573 641 609 Mea
661 585 779 610 causa
798 580 930 609 autem
951 571 1026 609 alia
1046 579 1114 618 est,
1134 573 1242 621 quod
1264 571 1459 609 beneficio
1479 571 1632 608 vinctus

303 637 472 686 ingratus
494 650 578 675 esse
599 651 678 675 non
700 650 873 687 possum,
898 651 970 676 nec
991 645 1123 675 tamen
1143 636 1183 674 in
1203 636 1287 675 acie
1309 651 1364 674 me
1383 638 1452 675 sed
1471 636 1632 674 Melitae

301 710 367 739 aut
398 701 474 739 alio
506 701 545 739 in
577 703 665 740 loco
699 702 814 740 simili
846 700 1071 754 [oppidulo]
1101 704 1273 740 futurum
1308 709 1415 752 puto.
1477 701 1633 739 ‘Nihil’

303 766 455 816 inquies
479 766 608 805 ‘iuvas
629 780 719 805 eum
741 766 781 804 in
802 780 920 816 quem
942 767 1114 816 ingratus
1135 781 1219 805 esse
1240 780 1320 805 non
1340 766 1397 804 vis
1413 768 1429 804 ?
1445 767 1453 783 '
1502 767 1633 804 Immo

302 831 430 869 minus
452 832 613 870 fortasse
634 831 830 870 voluisset.
890 833 968 870 Sed
995 833 1045 870 de
1072 833 1148 870 hoc
1168 831 1416 878 videbimus3
1450 844 1633 869 exeamus
1656 844 1691 865 10

303 897 433 935 modo.
495 898 615 946 Quod
646 904 687 935 ut
718 897 877 936 meliore
907 905 1084 947 tempore
1113 896 1309 947 possimus
1338 895 1430 934 facit
1457 895 1633 934 Adriano

304 962 397 1000 mari
422 963 638 1009 Dolabella,
663 963 837 1000 Fretensi
859 962 989 1001 Curio.

258 1038 284 1066 2
359 1028 509 1066 Iniecta
537 1036 668 1066 autem
699 1029 795 1066 mihi
824 1042 913 1078 spes
940 1030 1134 1078 quaedam
1164 1036 1222 1067 est
1246 1029 1345 1066 velle
1374 1041 1530 1066 mecum
1553 1028 1629 1065 Ser.

303 1092 519 1141 Sulpicium
552 1093 749 1142 conloqui.
809 1094 874 1131 Ad
908 1107 998 1131 eum
1034 1093 1121 1131 misi
1154 1093 1409 1131 Philotimum
1449 1092 1631 1130 libertum

302 1171 392 1195 cum
438 1157 582 1196 litteris.
661 1157 700 1196 Si
745 1157 801 1196 vir
844 1171 929 1197 esse
973 1160 1087 1205 volet,
1129 1160 1326 1209 praeclara
1369 1159 1529 1204 συνοδία,
1571 1158 1631 1195 sin
1655 1171 1691 1202 15

259 1234 284 1271 3
302 1230 433 1261 autem
448 1245 498 1269 -‚
540 1222 683 1261 erimus
723 1236 795 1261 nos
833 1223 900 1273 qui
939 1225 1121 1262 solemus.
1184 1223 1305 1262 Curio
1344 1237 1500 1261 mecum
1539 1223 1632 1261 vixit

304 1287 427 1326 iacere
448 1289 656 1327 Caesarem
678 1296 820 1338 putans
841 1288 1058 1326 offensione
1084 1288 1262 1338 populari
1283 1288 1516 1338 Siciliaeque
1537 1288 1633 1327 diffi-

300 1353 399 1390 dens
420 1352 451 1389 si
473 1352 685 1402 Pompeius
706 1352 886 1402 navigare
907 1352 1111 1402 coepisset.

355 1416 549 1465 Quintum
579 1430 744 1465 puerum
778 1416 913 1466 accepi
945 1418 1208 1455 vehementer.
1267 1417 1481 1456 Avaritiam
1515 1417 1632 1456 video

300 1481 418 1519 fuisse
448 1489 485 1519 et
515 1494 625 1531 spem
657 1481 785 1530 magni
816 1481 998 1531 congiari.
1060 1484 1251 1532 Magnum
1276 1484 1353 1521 hoc
1383 1485 1530 1521 malum
1561 1490 1629 1528 est,
1654 1496 1692 1517 20

300 1549 369 1585 sed
409 1548 535 1584 scelus
574 1546 670 1584 illud
709 1548 818 1596 quod
858 1546 1112 1585 timueramus
1157 1561 1271 1598 spero
1309 1550 1461 1586 nullum
1500 1548 1629 1586 fuisse.

304 1614 394 1650 Hoc
423 1620 555 1650 autem
580 1612 717 1650 vitium
749 1620 844 1662 puto
874 1619 912 1650 te
941 1612 1161 1651 existimare
1190 1627 1271 1651 non
1296 1627 1319 1650 a
1347 1621 1479 1651 nostra
1507 1613 1633 1651 indul-

299 1676 429 1726 gentia
450 1678 520 1715 sed
540 1690 562 1714 a
582 1684 719 1714 natura
740 1678 970 1727 profectum.
1024 1678 1155 1726 Quem
1177 1685 1310 1716 tamen
1331 1691 1403 1716 nos
1425 1677 1632 1728 disciplina

300 1755 488 1791 regemus.
1503 1778 1506 1779 γ

357 1809 417 1844 Ι)θ
439 1806 578 1856 Oppiis
599 1806 848 1845 Veliensibus
877 1807 972 1857 quid
1001 1810 1151 1858 placeat
1179 1821 1268 1846 cum
1292 1807 1505 1845 Philotimo
1527 1807 1629 1845 vide-
1652 1819 1689 1851 ²5

302 1872 370 1910 bis.
419 1871 582 1921 Epirum
603 1879 776 1910 nostram
798 1872 1024 1922 putabimus
1045 1874 1114 1911 sed
1135 1872 1231 1911 alios
1248 1886 1382 1911 cursus
1399 1872 1631 1910 videbamur

303 1937 480 1975 habituri.

346 2070 463 2105 VIII
577 2072 645 2106 Ser.
665 2074 699 2104 in
719 2074 872 2105 Cumano
889 2075 1020 2107 vt‘Non.
1041 2075 1123 2106 Mai.
1143 2086 1174 2107 a.
1197 2085 1250 2115 705
1268 2075 1355 2116 (495.

719 2147 894 2177 CICERO
919 2147 1089 2178 ATTICO
1116 2147 1212 2179 SAL.

265 2226 282 2252 1
358 2216 405 2251 Et
427 2227 485 2252 res
513 2213 596 2263 ipsa
627 2215 813 2252 monebat
835 2222 872 2253 et
900 2222 940 2252 tu
968 2217 1196 2253 ostenderas
1224 2222 1261 2253 et
1281 2228 1354 2264 ego
1375 2213 1557 2252 videbam
1580 2214 1629 2251 de
1651 2227 1691 2257 30

302 2279 345 2316 iis
376 2281 490 2317 rebus
520 2293 617 2328 quas
647 2279 823 2330 intercipi
856 2280 1120 2330 periculosum
1150 2287 1251 2319 esset
1280 2281 1399 2318 finem
1429 2279 1528 2317 inter
1558 2292 1629 2316 nos

344 2394 362 2413 2
387 2383 588 2423 modestior]
612 2384 840 2413 admodestior
856 2378 921 2413 Zb:
956 2388 989 2413 et
1011 2384 1199 2414 modestior
1217 2382 1399 2414 Gronovius
1533 2392 1550 2420 7
1576 2393 1629 2413 me

300 2427 374 2457 add.
394 2427 513 2458 Lamb.
651 2428 671 2456 8
695 2427 856 2465 oppidulo
872 2428 938 2458 secl.
961 2427 1118 2458 Graevius
1249 2437 1290 2457 22
1315 2437 1333 2456 a
1351 2425 1429 2456 add.
1442 2425 1561 2456 Lami).
