1827 2798
590 148 592 150 ’
643 158 753 195 EPP.
786 158 863 195 AD
893 156 1152 195 ATTICVM
1483 154 1551 202 ix„
1575 155 1620 189 ix

221 259 398 304 meorum
428 279 558 317 neque
588 275 720 306 tamen
750 269 799 307 de
829 276 866 306 te
887 267 954 318 qui
984 266 1151 305 maxime
1176 279 1285 304 meus
1314 278 1349 303 es
1370 263 1549 314 cogitavi.

220 330 401 369 Sciebam
422 331 528 370 enim
549 339 587 370 te
610 334 754 382 ‘quoto
780 335 908 371 anno'
930 341 967 371 et
991 337 1205 382 ‘quantum
1235 331 1274 368 in
1296 331 1403 368 solo’
1425 331 1550 367 solere

219 407 403 445 quaerere
438 410 566 446 neque
600 399 726 435 solum
768 399 920 436 Romae
952 398 1021 435 sed
1054 397 1170 435 etiam
1205 395 1294 433 Deli
1329 402 1439 432 tuum
1478 394 1547 432 διά-

217 477 370 511 γραμμα
399 460 583 500 videram.
643 464 790 500 Verum
825 470 956 500 tamen
987 475 1059 511 ego
1089 461 1200 508 illud,
1220 472 1460 510 quamquam
1491 465 1550 496 cst

180 526 376 572 §bellum‚
417 525 578 564 minoris
624 526 790 565 aestimo
828 540 946 576 quam
991 525 1269 564 aestimabatur
1316 523 1548 562 Marcellino

216 590 392 637 consule,
412 603 503 628 cum
532 604 605 640 ego
635 590 729 629 istos
758 591 933 629 hortulos
962 598 1119 640 propter
1147 591 1311 627 domum
1343 588 1545 637 antiquam

214 668 330 704 quam
369 663 452 694 tum
497 656 693 694 habebam
736 656 985 694 iucundiores
1028 655 1122 692 mihi
1161 656 1242 692 fore
1281 654 1467 704 putabam
1507 660 1544 691 et

215 720 366 760 minore
400 721 732 771 impensaquam
767 721 797 759 si
832 723 1101 759 Tusculanum
1133 719 1365 758 refecissem.
1423 718 1543 756 Volui

216 787 297 824 HS.
323 788 371 835 Q.
431 785 503 836 Egi
533 800 601 836 per
629 787 817 835 †predum
850 785 913 824 ille
943 787 1052 823 daret
1081 784 1178 823 tanti
1207 788 1352 834 quom†
1382 784 1543 821 haberet

158 862 195 886 10
213 852 360 889 venale.
421 850 568 889 Noluit.
628 852 705 889 Sed
730 864 835 888 nunc
863 850 995 888 onmia
1015 850 1084 888 ista
1116 850 1241 887 iacere
1270 856 1365 899 puto
1385 856 1543 898 propter

212 928 465 954 nummorum
494 915 705 954 caritatem.
766 915 867 952 Mihi
906 914 1066 964 quidem
1104 914 1175 952 erit
1205 914 1448 963 aptissimum
1481 913 1540 950 vel

212 980 327 1019 nobis
360 980 490 1031 potius
522 980 552 1018 si
583 988 625 1018 tu
658 979 822 1026 emeris3
863 980 932 1018 sed
961 979 1043 1017 eius
1074 979 1293 1017 dementias
1324 992 1417 1016 cave
1451 991 1541 1016 con-

211 1053 376 1083 temnas.
432 1046 559 1083 Valde
579 1052 638 1083 est
657 1052 876 1082 venustum.
925 1045 1176 1093 Quamquam
1199 1043 1293 1080 mihi
1315 1043 1387 1081 ista
1407 1043 1540 1082 omnia

210 1109 287 1147 iam
307 1108 466 1147 addicta
485 1108 653 1147 vastitati
672 1108 862 1146 videntur.

154 1187 191 1218 15
265 1173 471 1224 Respondi
505 1173 681 1223 epistulis
720 1173 842 1212 tribus
873 1174 942 1211 sed
974 1180 1158 1222 exspecto
1191 1172 1313 1221 alias;
1353 1186 1444 1211 nam
1476 1186 1539 1211 me

208 1238 339 1277 adhuc
360 1245 449 1277 tuae
469 1237 618 1277 litterae
639 1245 918 1276 sustentarunt.
977 1239 1024 1276 D.
1050 1237 1306 1276 Liberalibus.

252 1415 294 1450 X
498 1418 565 1452 Scr.
586 1420 618 1451 in
636 1419 818 1451 Formiano
832 1430 876 1450 xv
890 1419 934 1451 Κ.
953 1419 1037 1459 Apr.
1058 1431 1087 1450 a.
1110 1431 1163 1459 705
1178 1420 1265 1461 (49).

617 1536 787 1567 CICERO
811 1536 842 1566 A
854 1535 991 1566 TTJCO
1014 1534 1121 1567 SAL.

262 1606 370 1645 Nihil
391 1609 587 1647 habebam
609 1610 717 1658 quod
744 1608 963 1646 scriberem.
1024 1609 1166 1657 Neque
1193 1607 1297 1646 enim
1319 1608 1410 1647 novi
1432 1608 1536 1658 quic·
1554 1621 1571 1648 1

150 1684 187 1706 20
207 1684 324 1721 quam
345 1672 545 1711 audieram
566 1680 604 1711 et
630 1674 681 1711 ad
702 1681 786 1711 tuas
814 1672 942 1711 omnis
971 1671 1240 1722 rescripseram
1263 1673 1397 1722 pridie.
1458 1676 1535 1713 Sed

205 1749 296 1774 cum
328 1750 390 1776 me
421 1737 624 1787 aegritudo
662 1751 742 1776 non
781 1739 908 1775 solum
947 1750 1088 1774 somno
1121 1737 1287 1786 privaret
1318 1751 1451 1776 verum
1486 1752 1535 1778 ne

205 1800 360 1850 vigilare
376 1803 537 1852 quidem
554 1803 637 1841 sine
654 1817 810 1842 summo
826 1804 963 1841 dolore
983 1810 1189 1851 pateretur,
1209 1810 1339 1841 tecum
1361 1812 1402 1842 ut
1424 1805 1535 1854 quasi

204 1867 394 1916 loquerer,
415 1867 455 1905 in
476 1881 555 1917 quo
576 1881 656 1906 uno
675 1868 899 1918 acquiesco,
920 1868 996 1905 hoc
1022 1866 1156 1905 nescio
1183 1867 1278 1917 quid
1299 1870 1408 1907 nullo
1427 1883 1536 1920 argu-

205 1938 338 1969 mento
358 1932 559 1981 proposito
580 1932 747 1972 scribere
767 1932 926 1970 institui.

251 2042 263 2062 1
292 2043 328 2063 es
345 2033 420 2064 add.
441 2034 557 2065 Lanzb.
694 2046 713 2065 2
738 2035 894 2066 Sciebam
912 2030 955 2065 Zb
975 2035 1142 2067 Corradus
1159 2048 1165 2067 ε
1198 2036 1340 2066 scribam
1359 2035 1400 2065 M
1513 2046 1533 2075 3

207 2075 281 2106 Deli
299 2082 390 2107 tuum
411 2077 459 2107 C:
485 2078 645 2108 delituum
671 2079 756 2109 RP:
783 2080 934 2109 delitium
949 2080 988 2109 Μ
1108 2079 1286 2120 διάγραμμα
1316 2079 1532 2120 Malaspina:

204 2120 370 2158 digamma
389 2120 476 2151 codd.
610 2123 631 2151 6
654 2123 824 2161 antiquam
843 2133 941 2161 quam
960 2123 1058 2154 Rom.
1080 2123 1116 2153 I:
1151 2124 1324 2161 antiquam
1343 2123 1402 2152 M:
1435 2122 1528 2163 Anti,

204 2173 301 2200 quam
317 2163 387 2193 edd.
510 2174 532 2203 9
557 2174 610 2195 Hs.
629 2175 650 2201 Q
670 2171 677 2199 (
693 2181 713 2190 ι-
728 2167 912 2206 quzngcntis
929 2168 1085 2197 millibus}
1104 2167 1192 2206 Vict„
1206 2167 1243 2206 cf
1263 2178 1310 2206 13.
1325 2169 1354 2200 6,
1371 2165 1527 2198 Priscian.

203 2205 234 2236 ii.
261 2217 334 2245 407.
361 2217 401 2245 24
428 2206 486 2237 (ed.
514 2207 613 2247 Keil),
631 2207 821 2239 Mommsen
845 2210 876 2239 in
901 2210 1075 2239 'Hermes'
1091 2211 1134 2240 iii.
1157 2213 1230 2249 467.
1252 2211 1306 2241 vii.
1325 2212 1412 2248 366:
1436 2220 1489 2240 HS.
1509 2221 1530 2241 D

202 2248 286 2279 Pius
308 2260 347 2279 ex
370 2250 460 2281 codd.
486 2251 574 2282 sm's:
602 2261 666 2288 κερ
691 2251 732 2281 Μ
870 2263 931 2292 per
956 2255 1117 2292 praedem
1143 2254 1187 2284 illi
1214 2255 1294 2284 dare
1319 2255 1403 2284 tanti
1428 2265 1528 2292 quom

204 2292 327 2322 Gurlitt
337 2293 546 2333 cuiduxfuit
557 2294 743 2325 Marslzall:
768 2306 829 2335 per
845 2320 852 2327 .
875 2321 881 2327 .
902 2321 909 2327 .
928 2299 1062 2329 (nomen
1080 2299 1144 2327 v1rt'
1157 2298 1276 2327 arcidit*
1302 2298 1473 2337 praedium
1494 2303 1528 2328 ut

201 2335 255 2366 ille
272 2337 439 2366 venderet
457 2337 540 2367 Anti
558 2348 656 2376 quom
674 2349 752 2369 cont.
775 2339 964 2380 ll'esenberg
1107 2351 1144 2371 12
1170 2342 1241 2372 eius
1260 2342 1449 2372 dementias
1465 2342 1531 2379 (vc-l

201 2379 352 2409 eiusdem
381 2382 562 2419 amentias)
577 2382 685 2414 codd.:
712 2383 784 2413 eius
803 2384 891 2413 modi
904 2384 1092 2414 dementias
1106 2384 1208 2415 Reid:
1234 2386 1384 2415 eiusdem
1406 2385 1529 2416 Antias

200 2422 376 2454 Lehmann
521 2434 558 2464 15
583 2426 667 2456 alias
683 2425 736 2455 M²
752 2437 759 2455 ε
785 2431 857 2457 tuas
876 2425 925 2456 Μ]
944 2438 951 2457 :
974 2428 1057 2458 alias
1075 2433 1150 2458 tuas
1167 2429 1244 2459 coni.
1268 2428 1454 2469 ll'esenbmg
