1827 2798
226 145 321 184 XII.
340 157 406 184 xx
702 146 758 183 M.
790 145 959 183 TVLLI
990 145 1297 184 CICERONIS

336 255 398 292 De
418 253 604 292 Terentia
632 260 764 291 autem
795 253 931 303 scripsi
958 255 1009 292 ad
1037 261 1075 292 te
1102 253 1157 292 eis
1186 253 1322 292 litteris
1352 268 1448 304 quas
1476 255 1663 294 dederam

333 318 469 368 pridie.
530 319 652 366 Quod
674 332 736 356 me
757 318 922 356 hortaris
943 318 1064 368 idque
1083 333 1107 357 a
1127 318 1264 357 ceteris
1288 319 1500 358 desiderari
1527 320 1663 358 scribis

333 391 375 421 ut
409 383 653 421 dissimulem
688 397 751 421 me
790 391 869 421 tam
908 383 1074 434 graviter
1111 385 1258 432 dolere,
1288 398 1502 434 possumne
1541 385 1664 434 magis

332 461 451 497 quam
473 461 594 497 quom
616 455 719 486 totos
740 448 824 486 dies
851 462 1044 487 consumo
1066 448 1104 486 in
1126 448 1291 488 litteris?
1348 450 1469 497 Quod
1490 449 1562 487 etsi
1582 462 1663 487 non

332 512 656 551 dissimulationis
684 514 754 551 sed
779 513 909 563 potius
935 513 1108 552 leniendi
1137 521 1175 551 et
1202 514 1369 552 sanandi
1395 514 1516 552 animi
1545 528 1664 553 causa
1683 528 1700 559 5

331 577 445 625 facio,
468 585 601 616 tamen
629 578 659 616 si
684 578 781 616 mihi
810 578 940 617 minus
970 578 1133 629 proficio
1163 578 1404 618 simulationi
1431 588 1535 618 certe
1561 580 1663 619 facio

333 642 436 680 satis.

290 718 314 745 2
389 707 524 746 Minus
546 709 668 746 multa
688 709 739 746 ad
760 716 798 746 te
819 707 966 758 scripsi,
985 709 1093 758 quod
1114 709 1389 758 exspectabam
1411 717 1497 748 tuas
1518 709 1664 748 litteras

332 773 383 810 ad
404 785 468 810 eas
490 786 586 822 quas
606 772 732 821 pridie
757 773 955 810 dederam.
1017 774 1306 822 Exspectabam
1334 781 1466 812 autem
1494 774 1664 813 maxime

331 838 381 875 de
414 839 518 885 fano,
549 852 631 876 non
662 838 760 876 nihil
792 838 909 876 etiam
942 839 992 877 de
1025 839 1222 877 Terentia.
1280 838 1413 876 Velim
1448 853 1511 877 me
1543 840 1661 878 facias
1684 854 1723 876 10

330 902 535 941 certiorem
578 903 764 953 proximis
807 902 942 941 litteris
982 904 1054 942 Cn.
1098 903 1249 953 Caepio
1292 903 1476 942 Serviliae
1519 904 1663 943 Claudi

329 975 439 1016 pater
468 968 608 1006 vivone
638 976 747 1018 patre
778 981 851 1006 suo
884 967 1086 1017 naufragio
1115 967 1271 1017 perierit
1299 981 1350 1006 an
1378 975 1545 1015 mortuo,
1568 968 1663 1006 item

331 1032 479 1070 Rutilia
509 1032 650 1071 vivone
685 1034 729 1072 C.
762 1034 881 1072 Cotta
915 1032 995 1070 filio
1028 1045 1099 1070 suo
1139 1040 1293 1071 mortua
1326 1032 1374 1071 sit
1407 1046 1458 1071 an
1493 1040 1659 1071 mortuo.

331 1098 532 1137 Pertinent
563 1100 613 1137 ad
645 1112 736 1137 eum
771 1098 914 1137 librum
949 1111 1068 1148 quem
1101 1099 1151 1137 de
1183 1099 1291 1137 luctu
1323 1098 1543 1138 minuendo
1575 1098 1663 1137 scri-

328 1163 490 1213 psimus.
1684 1178 1720 1210 15

373 1263 484 1298 XXI
649 1266 718 1299 Ser.
738 1267 887 1298 Asturae
902 1267 961 1298 xvi
973 1266 1016 1298 K.
1034 1266 1119 1306 Apr.
1137 1277 1167 1297 a.
1191 1276 1249 1307 709
1269 1266 1352 1308 (45).

732 1342 903 1374 CICERO
933 1342 1120 1374 ATTICO
1149 1341 1255 1374 SAL.

294 1435 312 1461 1
384 1420 480 1471 Legi
506 1420 615 1459 Bruti
645 1420 853 1471 epistulam
883 1434 1051 1470 eamque
1080 1420 1151 1458 tibi
1181 1420 1312 1459 remisi
1341 1434 1436 1460 sane
1465 1434 1546 1459 non
1576 1434 1662 1471 pru-

329 1487 468 1524 denter
487 1486 717 1536 rescriptum
739 1486 790 1524 ad
811 1499 858 1524 ea
878 1499 979 1535 quae
1000 1484 1242 1535 requisieras.
1303 1486 1382 1524 Sed
1403 1485 1487 1535 ipse
1507 1486 1658 1525 viderit.

330 1551 584 1600 Quamquam
612 1551 708 1588 illud
738 1550 900 1600 turpiter
928 1549 1090 1600 ignorat.
1151 1550 1346 1589 Catonem
1376 1550 1546 1600 primum
1576 1564 1661 1589 sen-
1680 1566 1721 1589 20

327 1615 490 1654 tentiam
512 1622 623 1665 putat
647 1617 697 1654 de
723 1614 1065 1653 animadversione
1089 1614 1233 1653 dixisse
1260 1628 1379 1664 quam
1406 1629 1544 1653 omnes
1568 1623 1660 1654 ante

328 1680 505 1718 dixerant
543 1687 696 1730 praeter
734 1680 944 1719 Caesarem
985 1686 1034 1726 et,
1066 1692 1158 1717 cum
1198 1678 1320 1728 ipsius
1360 1679 1539 1719 Caesaris
1579 1688 1659 1718 tam

328 1758 461 1782 severa
491 1743 605 1782 fuerit
636 1744 704 1794 qui
738 1751 821 1782 tum
857 1742 1051 1793 praetorio
1086 1744 1176 1782 loco
1210 1743 1360 1790 dixerit,
1394 1744 1660 1783 consularium

327 1816 439 1858 putat
467 1808 634 1846 leniores
664 1808 794 1855 fuisse,
820 1807 962 1854 Catuli,
993 1807 1139 1855 Servili,
1171 1809 1436 1855 Lucullorum,
1462 1808 1657 1856 Curionis,

328 1873 530 1923 Torquati,
554 1872 706 1923 Lepidi,
730 1873 844 1921 Gelli,
865 1872 1041 1919 Volcaci,
1065 1872 1202 1922 Figuli,
1226 1874 1379 1919 Cottae,
1403 1874 1446 1911 L.
1467 1874 1655 1921 Caesaris,
1680 1890 1718 1923 25

329 1939 374 1977 C.
402 1938 566 1985 Pisonis,
592 1941 658 1976 M’.
682 1938 919 1985 Glabrionis,
945 1937 1064 1976 etiam
1103 1937 1234 1984 Silani,
1263 1939 1456 1977 Murenae
1483 1939 1660 1988 designa-

328 2011 457 2042 torum
487 2005 706 2042 consulum.
767 2005 848 2043 Cur
874 2016 947 2052 ego
974 2002 1014 2040 in
1041 2002 1277 2040 sententiam
1300 2003 1496 2042 Catonis?
1554 2004 1660 2053 Quia

326 2068 454 2107 verbis
474 2068 799 2107 luculentioribus
827 2075 865 2106 et
891 2066 1068 2117 pluribus
1097 2080 1179 2105 rem
1207 2068 1376 2106 eandem
1404 2070 1660 2118 comprehen-

326 2135 446 2172 derat.
507 2136 576 2172 Me
605 2142 738 2173 autem
770 2133 834 2171 hic
868 2133 1002 2171 laudat
1035 2133 1144 2182 quod
1175 2133 1402 2180 rettulerim,
1435 2147 1516 2171 non
1548 2135 1657 2183 quod

326 2199 588 2249 patefecerim,
611 2201 715 2248 qaod
732 2200 958 2237 cohortatus
980 2197 1067 2247 sim,
1089 2199 1197 2248 quod
1225 2197 1398 2248 denique
1424 2206 1515 2237 ante
1536 2212 1654 2248 quam
1678 2213 1717 2244 30

369 2312 387 2332 2
402 2302 483 2342 fort.
503 2303 612 2342 pridie
630 2302 678 2334 Id.
698 2302 846 2341 idemque
864 2301 881 2332 Ι.
902 2311 923 2340 9
1047 2312 1067 2340 4
1090 2311 1190 2340 quom
1211 2300 1314 2341 (euml
1337 2301 1540 2332 Gronovius:
1563 2303 1655 2340 quod

327 2345 366 2375 M
511 2348 553 2377 26
577 2347 677 2376 etiam
705 2349 779 2376 ante
805 2345 913 2376 Silani
936 2346 1121 2385 transponit
1144 2345 1249 2377 Boot:
1283 2348 1358 2376 ante
1386 2344 1440 2376 M'.
1465 2345 1655 2376 Glabrionis

324 2389 442 2420 habent
456 2389 544 2421 codd.
680 2400 723 2428 3ο
746 2389 834 2428 quod
852 2387 926 2419 add.
951 2388 1028 2419 Vict.
