1827 2798
192 153 260 189 lx.
285 151 330 188 vi
662 151 718 187 M.
749 149 917 186 TVLLI
949 147 1255 187 CICERONIS

295 262 392 313 quid
424 261 519 300 mihi
551 263 721 311 placeret
755 260 795 298 id
828 267 977 298 rectum
1007 272 1049 297 se
1082 266 1219 310 putare
1250 259 1394 309 aiebat,
1420 259 1460 299 id
1488 259 1622 299 animo

295 326 534 376 aequissimo
555 326 801 375 sequebatur.

253 405 279 444 5
351 394 457 429 Tuas
491 404 596 428 nunc
631 390 817 440 epistulas
856 403 878 428 a
916 389 1043 440 primo
1074 391 1172 440 lego.
1232 391 1324 429 Hae
1362 404 1425 429 me
1462 392 1623 440 paulum

297 463 482 494 recreant.
570 455 722 493 Primae
771 461 935 492 monent
972 462 1011 492 et
1051 462 1188 504 rogant
1234 468 1284 493 ne
1322 468 1385 493 me
1423 455 1624 505 proiciam,

297 520 498 571 proximae
521 521 691 570 gaudere
721 527 759 557 te
787 520 1004 557 ostendunt
1034 533 1097 557 me
1124 519 1367 558 remansisse.
1427 522 1504 558 Eas
1534 534 1624 558 cum
1645 534 1661 563 5

298 587 397 635 lego,
431 585 560 623 minus
595 584 692 622 mihi
724 584 845 634 turpis
877 584 1024 630 videor,
1060 585 1131 622 sed
1170 591 1249 621 tam
1289 583 1357 622 diu
1391 585 1487 622 dum
1525 586 1623 634 lego,

300 650 456 688 Deinde
483 649 644 699 emergit
665 662 816 687 rursum
837 650 951 687 dolor
979 656 1017 686 et
1052 651 1210 699 αἰσχροῦ
1236 650 1434 698 φαντασία.
1494 651 1626 699 Quam

298 716 352 753 ob
382 729 462 754 rem
493 716 658 753 obsecro
689 722 736 760 te,
761 713 813 751 mi
834 714 937 761 Tite,
958 714 1063 764 eripe
1093 713 1190 751 mihi
1219 716 1325 752 hunc
1354 716 1529 753 dolorem
1559 723 1626 753 aut

300 779 433 818 minue
455 781 591 818 saltem
615 787 682 817 aut
706 779 977 817 consolatione
1006 786 1073 816 aut
1101 778 1268 817 consilio
1291 786 1358 817 aut
1378 793 1627 829 quacumque

299 858 340 883 re
360 852 482 895 potes.
543 844 652 893 Quid
670 852 710 882 tu
730 852 862 882 autem
879 843 1034 894 possis?
1056 851 1124 882 aut
1139 843 1237 894 quid
1254 844 1375 882 homo
1389 844 1628 894 quisquam?
1652 859 1688 880 10

299 909 377 947 Vix
397 909 474 947 iam
495 910 604 948 deus.

254 982 281 1018 6
357 974 557 1024 Equidem
596 974 693 1013 illud
732 974 872 1013 molior
906 975 1015 1024 quod
1049 982 1090 1012 tu
1130 987 1269 1013 mones
1303 988 1514 1024 sperasque
1548 974 1628 1013 fieri

301 1054 428 1091 posse,
462 1048 504 1078 ut
533 1039 629 1077 mihi
661 1041 806 1080 Caesar
835 1041 1029 1078 concedat
1056 1047 1099 1077 ut
1127 1039 1254 1077 absim
1287 1053 1378 1078 cum
1411 1039 1562 1090 aliquid
1590 1039 1629 1078 in

303 1113 441 1144 senatu
458 1113 592 1144 contra
611 1107 791 1144 Gnaeum
805 1113 950 1154 agatur.
1010 1106 1090 1143 Sed
1106 1104 1226 1143 timeo
1243 1118 1292 1143 ne
1313 1118 1394 1142 non
1411 1104 1627 1155 impetrem.

303 1170 423 1208 Venit
455 1170 506 1208 ab
537 1184 585 1208 eo
618 1169 795 1208 Furnius.
854 1171 907 1207 Vt
939 1169 1100 1219 quidem
1135 1169 1233 1207 scias
1272 1183 1372 1219 quos
1407 1183 1629 1219 sequamur,

305 1237 352 1284 Q.
396 1234 519 1273 Titini
567 1235 689 1272 filium
738 1248 828 1273 cum
870 1235 1038 1274 Caesare
1079 1248 1164 1273 esse
1204 1234 1369 1281 nuntiat,
1412 1236 1481 1273 sed
1520 1235 1629 1273 illum

305 1299 471 1338 maiores
511 1299 606 1337 mihi
644 1299 784 1350 gratias
814 1312 928 1349 agere
966 1313 1086 1349 quam
1124 1300 1276 1338 vellem.
1356 1299 1465 1348 Quid
1498 1308 1631 1338 autem

305 1379 368 1403 me
389 1372 496 1414 roget
517 1364 651 1415 paucis
679 1364 742 1402 ille
763 1364 925 1414 quidem
952 1364 1079 1403 verbis
1100 1365 1170 1403 sed
1195 1368 1232 1403 ἐν
1255 1365 1413 1415 δυνάμει,
1437 1378 1632 1415 cognosce

305 1443 351 1468 ex
382 1429 503 1479 ipsius
537 1429 714 1479 epistula.
786 1431 854 1467 Me
894 1429 1077 1467 miserum
1118 1431 1227 1479 quod
1265 1438 1307 1468 tu
1341 1444 1423 1468 non
1454 1430 1631 1468 valuisti!

304 1507 384 1532 una
412 1494 621 1533 fuissemus
636 1508 646 1542 3
679 1493 888 1532 consilium
920 1502 1024 1532 certe
1053 1508 1135 1533 non
1162 1494 1350 1534 defuisset
1364 1509 1375 1543 3
1408 1496 1502 1534 ίσύν
1520 1513 1560 1534 τε
1580 1494 1631 1534 δύ’
1657 1511 1693 1532 20

305 1561 510 1611 ἐρχομένω’
529 1583 592 1598 —-.

261 1639 285 1677 7
360 1626 438 1663 Sed
468 1632 555 1663 acta
581 1638 631 1663 ne
660 1638 835 1675 agamus,
856 1624 1005 1675 reliqua
1034 1639 1226 1675 paremus
1288 1628 1358 1664 Me
1377 1627 1508 1665 adhuc
1536 1627 1633 1664 haec

307 1691 387 1728 duo
408 1691 637 1736 fefellerunt,
661 1689 772 1728 initio
793 1703 881 1739 Spes
902 1690 1210 1740 compositionis,
1234 1704 1312 1740 qua
1332 1693 1433 1729 sacta
1453 1692 1633 1730 volebam

307 1755 364 1793 uti
385 1754 561 1804 populari
582 1754 672 1802 vita,
694 1754 958 1792 sollicitudine
985 1763 1228 1793 senectutem
1250 1764 1422 1794 nostram
1448 1756 1610 1795 liberare
1629 1771 1635 1799 ;

309 1819 454 1858 deinde
493 1820 640 1857 bellum
679 1820 837 1857 crudele
876 1827 914 1857 et
952 1819 1159 1857 exitiosum
1199 1820 1343 1870 suscipi
1381 1834 1404 1858 a
1444 1820 1634 1871 Pompeio
1658 1833 1695 1864 25

307 1884 594 1935 intellegebam.
656 1884 832 1922 Melioris
853 1884 1007 1923 medius
1032 1885 1148 1923 fidius
1175 1884 1269 1923 civis
1291 1894 1328 1924 et
1348 1885 1417 1923 viri
1447 1886 1634 1936 putabam

309 1949 448 2000 quovis
483 1948 677 2000 supplicio
716 1949 834 1987 adfici
872 1964 991 2000 quam
1031 1949 1085 1988 illi
1123 1950 1342 1988 crudelitati
1384 1964 1464 1988 non
1508 1952 1635 1988 solum

309 2028 490 2065 praeesse
521 2029 656 2053 verum
689 2014 806 2053 etiam
839 2014 1035 2054 interesse.
1096 2016 1263 2054 Videtur
1293 2017 1353 2053 vel
1388 2015 1485 2053 mori
1517 2015 1636 2053 satius

310 2079 428 2118 fuisse
450 2093 568 2129 quam
590 2093 675 2118 esse
696 2093 786 2117 cum
802 2079 872 2117 his.
933 2081 997 2118 Ad
1018 2081 1115 2118 haec
1132 2079 1245 2130 igitur
1261 2080 1399 2130 cogita,
1420 2080 1472 2118 mi
1493 2080 1634 2126 Attice,

310 2146 371 2182 vel
392 2145 522 2194 potius
547 2144 734 2195 excogita.
795 2144 986 2194 Quemvis
1007 2152 1193 2183 eventum
1214 2144 1350 2183 fortius
1370 2146 1491 2183 feram
1519 2158 1636 2195 quam
1659 2156 1698 2185 30

312 2211 418 2248 hunc
439 2211 627 2248 dolorem.

361 2335 401 2363 24
428 2326 473 2355 uti
492 2326 613 2355 Bositts
628 2337 635 2356 t
660 2330 695 2356 ut
713 2325 752 2355 M
839 2326 907 2357 vita
925 2325 1044 2357 Rosius
1062 2338 1068 2357 z
1092 2331 1128 2356 ut
1145 2337 1184 2357 ea
1202 2325 1258 2358 M:
1274 2325 1354 2365 sort.
1372 2325 1435 2364 via,
1456 2324 1492 2364 cf.
1510 2325 1529 2356 i.
1549 2335 1602 2355 20.
1620 2333 1639 2362 3

315 2369 418 2405 (viam
436 2370 657 2409 optimatem),
680 2369 749 2401 Cat.
766 2369 806 2400 iv.
824 2381 845 2410 9
1000 2370 1142 2400 liberare
1159 2370 1237 2401 coni.
1262 2369 1468 2409 Wesenbevg:
1497 2368 1639 2399 liberant

312 2412 435 2443 Rosius
655 2424 657 2427 ·
