1827 2798
603 140 715 177 EPP.
747 140 824 177 AD
855 139 1115 178 ATTICVM
1413 139 1567 176 XIII.i

196 249 293 289 xeris
325 256 362 288 et
396 249 427 288 si
461 251 511 288 de
545 250 711 300 epistula
741 250 944 289 certiorem
977 264 1040 289 me
1071 249 1218 297 feceris,
1243 249 1399 288 dederis
1428 248 1525 287 mihi

195 316 303 365 quod
341 316 392 353 ad
430 322 468 353 te
506 315 672 354 scribam
691 331 701 363 3
744 316 774 353 si
814 316 954 363 minus,
986 315 1152 354 scribam
1192 323 1324 354 tamen
1362 314 1522 365 aliquid.

195 380 425 430 Numquam
456 380 560 418 enim
591 380 724 418 deerit.

237 488 286 523 ῙῙ
476 491 545 524 Scr.
563 492 597 522 in
619 491 809 523 Tusculano
827 493 863 523 ix
877 492 920 523 K.
939 493 1016 524 Iun.
1037 503 1067 524 a.
1090 502 1148 534 709
1167 492 1250 534 (45).

601 567 772 598 CICERO
803 567 985 599 ATTICO
1018 567 1122 599 SAL.

250 639 406 678 Gratior
439 639 535 678 mihi
567 639 742 678 celeritas
778 647 845 677 tua
875 653 994 689 quam
1029 639 1114 690 ipsa
1146 654 1216 679 res.
1278 640 1386 690 Quid
1421 641 1526 679 enim
1550 646 1599 686 (1)

194 703 425 754 indignius?
483 704 560 742 Sed
590 703 666 741 iam
697 704 747 742 ad
788 703 860 741 ista
884 704 1144 742 obduruimus
1175 713 1212 743 et
1242 705 1525 744 humanitatem

195 782 356 807 ornnem
387 768 575 807 exuimus.
635 770 741 806 Tuas
772 768 917 806 litteras
948 769 1068 807 hodie
1108 771 1396 819 exspectabam,
1429 770 1527 808 nihil

195 832 382 883 equidem
412 840 454 871 ut
483 847 529 871 ex
558 832 603 870 iis
633 834 752 881 novi3
782 833 879 882 quid
909 833 1045 872 enim?
1073 848 1207 872 verum
1238 842 1423 873 tamen——

139 952 179 976 10
239 941 288 975 II
305 952 330 976 a
482 944 554 974 Ser.
571 944 604 974 in
626 943 811 974 Tusculano
827 944 861 974 vi
873 944 916 975 K.
937 944 1015 975 Iun.
1033 955 1064 975 α.
1088 955 1146 985 709
1165 944 1246 986 (45).

601 1019 774 1050 CICERO
805 1019 985 1050 ATTICO
1016 1019 1124 1051 SAL.

248 1093 382 1143 Oppio
411 1100 449 1131 et
477 1093 603 1131 Balbo
629 1093 815 1142 epistulas
841 1092 981 1130 deferri
1008 1091 1172 1139 iubebis,
1195 1100 1233 1130 et
1257 1099 1389 1131 tamen
1417 1092 1522 1132 Piso·
1541 1106 1559 1133 1

193 1171 284 1196 nem
306 1157 431 1195 sicubi
453 1159 503 1195 de
523 1170 627 1194 auro.
690 1156 876 1194 Faberius
899 1156 930 1194 si
952 1156 1110 1204 venerit,
1134 1156 1285 1195 videbis
1306 1165 1348 1195 ut
1369 1164 1521 1195 tantum
1543 1152 1584 1189 (Π
1604 1152 1635 1189 1)

193 1222 435 1269 attribuatur,
469 1221 500 1259 si
532 1222 654 1259 modo
684 1220 926 1268 attribuetur,
961 1229 1153 1271 quantum
1175 1222 1350 1260 debetur.
1410 1222 1523 1260 Acci-

136 1300 172 1331 15
191 1286 274 1336 pies
294 1287 344 1325 ab
366 1288 496 1326 Erote.

244 1353 468 1392 Ariarathes
486 1352 738 1392 Ariobarzani
759 1352 860 1391 filius
879 1354 1050 1390 Romam
1070 1351 1187 1390 venit.
1236 1353 1341 1398 Vult,
1366 1351 1515 1402 opinor,
1538 1365 1562 1391 2

191 1431 353 1468 regnum
387 1418 549 1468 aliquod
580 1432 710 1457 emere
744 1432 767 1456 a
800 1418 992 1465 Caesare3
1026 1430 1117 1454 narn
1153 1430 1232 1466 quo
1262 1417 1383 1454 modo
1412 1429 1518 1454 nunc
1540 1408 1632 1449 (¹¹2)

190 1490 259 1530 est,
293 1485 435 1533 pedem
471 1484 538 1522 ubi
570 1492 690 1534 ponat
726 1484 765 1521 in
796 1496 867 1521 suo
902 1496 984 1520 non
1018 1482 1146 1520 habet.
1221 1480 1397 1520 Omnino
1428 1494 1519 1519 eum

191 1548 338 1586 Sestius
368 1558 501 1588 noster
525 1551 720 1600 parochus
752 1548 933 1599 publicus
964 1546 1170 1597 occupavit
1184 1561 1194 1594 3
1224 1547 1332 1596 quod
1356 1545 1519 1596 quidem

134 1627 173 1649 20
190 1613 303 1652 facile
336 1615 473 1664 patior.
532 1618 680 1654 Verum
708 1623 852 1662 tamen,
877 1615 985 1664 quod
1015 1612 1111 1651 mihi
1141 1625 1296 1650 summo
1323 1610 1518 1649 beneficio

191 1691 280 1717 meo
302 1693 443 1730 magna
463 1694 553 1718 cum
581 1680 760 1719 fratribus
786 1680 887 1718 illius
912 1678 1163 1717 necessitudo
1189 1684 1258 1723 est,
1280 1675 1403 1713 invito
1427 1689 1517 1714 eum

190 1756 259 1792 per
286 1743 432 1783 litteras
452 1752 495 1783 ut
514 1746 621 1795 apud
642 1759 704 1784 me
726 1746 960 1784 deversetur.
1020 1744 1085 1782 Ad
1106 1756 1193 1781 earn
1220 1754 1301 1780 rem
1323 1754 1413 1779 cum
1434 1739 1519 1779 mit-

190 1815 312 1846 tere-m
333 1811 613 1858 Alexandrum,
637 1811 706 1848 has
728 1810 764 1849 ei
785 1810 878 1849 dedi
899 1810 1056 1848 litteras.

235 1913 283 1948 II
299 1915 327 1948 b
475 1916 545 1950 δον.
562 1918 596 1949 in
617 1917 803 1949 Tusculano
819 1918 850 1949 iv
866 1918 908 1950 K.
929 1918 1004 1949 Iun.
1026 1928 1055 1949 a.
1077 1927 1136 1959 709
1156 1917 1239 1958 (45).

133 1998 171 2029 25
590 1995 761 2026 CICERO
793 1995 973 2026 ATTICO
1007 1994 1114 2026 SAL.

245 2065 340 2104 Cras
379 2065 492 2116 igitur
525 2066 655 2106 auctio
690 2066 898 2106 Peducaei.
957 2068 1060 2106 Cum
1097 2065 1242 2117 poteris
1281 2078 1396 2115 ergo3
1443 2063 1515 2103 etsi
1535 2066 1625 2107 (113)

191 2128 378 2180 impediet
407 2132 568 2170 fortasse
592 2131 789 2170 Faberius.
848 2132 927 2170 Sed
947 2139 1079 2169 tamen
1106 2144 1197 2168 curn
1217 2129 1360 2168 licebit.
1421 2128 1514 2167 Dio-

190 2194 322 2244 nysius
356 2203 488 2234 noster
517 2195 682 2246 graviter
710 2195 882 2246 queritur
911 2203 949 2234 et
980 2203 1112 2234 tamen
1146 2194 1227 2233 iure
1257 2208 1280 2232 a
1311 2192 1512 2245 discipulis

235 2308 272 2328 12
297 2304 331 2330 et
349 2300 476 2341 tamen]
492 2300 646 2331 examina
658 2298 807 2331 Sclmudt
946 2299 987 2329 26
1014 2309 1095 2337 ergo
1111 2302 1133 2330 Σ
1153 2298 1239 2329 Crat.
1254 2309 1261 2330 ;
1286 2308 1352 2329 om.
1365 2301 1393 2328 Δ
