1827 2798
176 134 296 175 XIII.
318 136 364 173 vi
703 136 760 173 M.
792 136 961 172 TVLLI
992 134 1299 174 CICERONIS

329 247 434 286 enim
468 260 626 285 mecum
661 245 800 296 egisti),
834 246 885 284 de
920 259 1042 295 puero
1076 247 1255 293 Lucullo,
1293 259 1412 296 quam
1450 245 1659 295 pecuniam

328 320 433 350 tutor
462 310 571 362 (nam
602 312 678 349 hoc
708 323 869 360 quoque
898 312 949 349 ad
979 324 1061 349 rem
1091 309 1276 361 pertinet)
1308 310 1347 348 in
1378 310 1530 348 Achaia
1560 324 1662 348 sum—

327 383 466 426 pserat.
526 376 604 413 Sed
637 375 716 425 agit
749 374 968 421 liberaliter,
1002 375 1190 425 quoniam
1225 382 1340 425 negat
1371 388 1413 414 se
1448 375 1661 425 quicquam

327 441 520 478 facturum
560 447 696 478 contra
734 447 909 478 nostram
943 441 1199 478 voluntatem.
1274 441 1419 479 Coram
1458 440 1582 490 igitur,
1618 447 1661 478 ut

327 505 474 552 scribis,
511 504 797 544 constituemus
836 518 955 555 quern
993 506 1045 543 ad
1084 506 1248 543 modum
1287 519 1369 543 rem
1408 504 1658 555 explicemus.
1681 520 1698 552 5

329 572 450 619 Quod
471 570 641 620 reliquos
662 571 878 608 coheredes
900 569 1129 617 convenisti,
1153 572 1269 620 plane
1289 570 1402 608 bene.

284 647 308 683 3
384 637 506 684 Quod
528 635 736 686 epistulam
754 649 883 673 meam
905 636 955 673 ad
979 637 1144 673 Brutum
1165 634 1307 685 poscis,
1325 648 1407 673 non
1427 634 1557 673 habeo
1578 633 1661 673 eius

327 703 576 751 exemplum,
617 702 687 739 sed
725 708 859 739 tamen
898 702 1047 738 salvum
1081 708 1138 738 est
1170 707 1208 738 et
1236 699 1290 738 ait
1321 699 1415 738 Tiro
1447 707 1485 737 te
1516 699 1661 737 habere

327 773 506 815 oportere
541 773 589 813 et,
621 772 664 803 ut
697 766 891 811 recordor,
923 778 1003 802 una
1041 778 1131 803 cum
1162 764 1264 802 illius
1297 763 1561 814 obiurgatoria
1590 763 1661 802 tibi

280 843 305 879 4
326 844 455 868 meam
485 843 645 880 quoque
675 843 794 880 quam
821 831 872 868 ad
899 844 990 870 eum
1017 829 1290 880 rescripseram
1319 829 1418 868 misi.
1479 828 1660 868 Iudiciali
1682 843 1722 866 10

326 895 506 934 molestia
526 902 568 934 ut
589 908 744 933 caream
763 894 928 933 videbis.

367 995 435 1030 VI
447 1007 471 1030 a
592 998 662 1030 Scr.
682 999 716 1030 in
738 998 925 1029 Tusculano
937 998 1022 1040 prid.
1039 998 1126 1030 Non.
1145 997 1222 1030 Iun.
1244 1008 1303 1039 709
1322 997 1404 1039 (45).

734 1074 906 1106 CICERO
936 1074 1116 1106 ATTICO
1144 1075 1251 1108 SAL.

203 1160 305 1201 (v14)
380 1154 626 1193 Tuditanum
656 1153 774 1192 istum
809 1167 999 1203 proavum
1031 1152 1222 1192 Hortensi
1251 1155 1368 1203 plane
1407 1166 1487 1191 non
1522 1166 1659 1192 noram

326 1227 363 1257 et
384 1219 508 1257 filium
533 1218 600 1269 qui
628 1226 710 1256 tum
740 1232 822 1256 non
843 1225 1023 1268 potuerat
1044 1232 1129 1257 esse
1149 1220 1299 1269 legatus
1328 1218 1446 1257 fuisse
1467 1226 1656 1269 putaram.
1681 1234 1717 1266 15

328 1284 569 1322 Mummium
597 1283 714 1322 fuisse
745 1285 796 1321 ad
828 1283 1067 1322 Corinthum
1098 1297 1169 1334 pro
1198 1292 1305 1322 certo
1334 1284 1474 1322 habeo.
1534 1285 1659 1333 Saepe

326 1349 430 1387 enim
461 1349 525 1387 hic
553 1349 726 1399 Spurius,
753 1348 821 1398 qui
851 1362 976 1398 nuper
1004 1352 1122 1395 †est†,
1146 1349 1333 1399 epistulas
1365 1349 1461 1386 mihi
1491 1362 1661 1399 pronun-

327 1414 448 1452 tiabat
480 1413 680 1452 versiculis
718 1413 853 1452 facetis
892 1414 943 1451 ad
982 1413 1180 1451 familiaris
1220 1413 1358 1452 missas
1396 1427 1419 1451 a
1453 1413 1657 1453 Corintho.

327 1480 404 1517 Sed
444 1492 524 1517 non
557 1478 697 1517 dubito
727 1478 823 1527 quin
855 1477 959 1516 fratri
991 1477 1105 1516 fuerit
1132 1480 1292 1528 legatus,
1321 1492 1401 1516 non
1434 1478 1473 1515 in
1506 1479 1656 1516 decem.

326 1546 458 1593 Atque
503 1544 580 1581 hoc
624 1542 742 1581 etiam
791 1542 938 1593 accepi,
981 1556 1061 1580 non
1107 1542 1242 1581 solitos
1290 1542 1456 1581 maiores
1505 1550 1658 1580 nostros
1681 1559 1720 1580 20

326 1621 393 1646 eos
424 1610 551 1658 legare
576 1607 616 1645 in
643 1608 783 1646 decem
811 1607 879 1657 qui
903 1615 1034 1646 essent
1064 1607 1344 1658 imperatorum
1375 1607 1593 1653 necessarii,
1617 1615 1660 1645 ut

328 1687 399 1711 nos
439 1673 558 1723 ignari
599 1671 951 1722 pulcherrimorum
995 1671 1263 1710 institutorum
1302 1680 1369 1710 aut
1407 1673 1659 1722 neglegentes

327 1737 457 1787 potius
498 1739 554 1775 M.
590 1738 800 1775 Lucullum
839 1744 878 1774 et
910 1738 953 1774 L.
990 1738 1201 1775 Murenam
1239 1744 1277 1775 et
1316 1745 1467 1776 ceteros
1499 1736 1661 1775 coniun-

326 1801 522 1839 ctissimos
551 1803 602 1839 ad
633 1803 676 1838 L.
700 1802 912 1839 Lucullum
935 1801 1124 1839 misimus.
1186 1803 1372 1852 Illudque
1393 1803 1657 1854 εὐλογώτατον,

325 1866 436 1904 illum
466 1866 571 1904 fratri
601 1866 640 1903 in
668 1865 802 1915 primis
828 1866 911 1904 eius
941 1867 1077 1917 legatis
1104 1867 1233 1906 fuisse.
1298 1868 1333 1906 O
1361 1880 1520 1917 operam
1551 1874 1659 1904 tuam
1683 1879 1718 1912 ²5

326 1932 490 1969 multam
521 1930 588 1980 qui
619 1937 656 1968 et
687 1931 784 1968 haec
816 1944 927 1970 cures
960 1939 998 1970 et
1029 1945 1116 1970 mea
1146 1931 1331 1982 expedias
1364 1939 1402 1970 et
1429 1931 1480 1969 sis
1510 1931 1550 1969 in
1583 1931 1659 1970 tuis

325 2009 406 2033 non
428 1997 553 2034 multo
574 1995 704 2033 minus
727 1995 893 2046 diligens
915 2010 1034 2047 quam
1055 1997 1095 2034 in
1118 1996 1238 2035 meis!

372 2111 385 2131 1
413 2100 472 2141 de]
501 2101 603 2131 debet
632 2101 733 2133 Boot:
773 2101 830 2133 del.
858 2101 962 2132 Orelli
1099 2104 1120 2133 6
1144 2103 1253 2133 fecisti
1270 2107 1348 2144 post
1368 2102 1555 2134 convenisti
1581 2103 1655 2134 add.

324 2148 393 2175 vett.
427 2155 431 2158 ’
533 2155 570 2183 17
597 2146 666 2185 est]
698 2149 750 2176 est
777 2150 928 2176 mortuus
955 2145 1049 2176 Man.
1079 2146 1130 2184 (ex
1155 2147 1312 2186 ‘antiquo
1334 2147 1414 2177 libro
1426 2148 1472 2185 ’);
1512 2147 1659 2178 decessit

327 2187 464 2217 ⁴Mz'iller:
492 2189 592 2227 periit
610 2189 690 2219 coni.
710 2189 794 2219 Boot
943 2191 981 2220 18
1005 2189 1123 2220 facetis
1139 2194 1209 2221 vett.
1229 2201 1235 2220 ε
1262 2190 1363 2221 facies
1381 2190 1430 2221 vel
1443 2191 1547 2221 factas
1564 2190 1653 2221 codd.

327 2241 364 2261 21
389 2241 446 2261 eos
463 2232 579 2262 ΣΑιιί.
596 2232 745 2263 FCrat.:
770 2242 835 2264 om.
852 2236 880 2262 Δ
970 2242 1012 2271 23
1034 2233 1326 2264 coniunctissimos
1338 2237 1414 2274 post
1431 2238 1563 2264 ceteros
1579 2233 1655 2264 add.

328 2274 414 2305 Crat.
432 2285 459 2304 v.
481 2286 504 2306 c.
524 2276 639 2305 codices
655 2276 759 2306 Bosi:
785 2286 850 2307 om.
872 2278 926 2307 ΣΔ
1016 2285 1057 2315 25
1083 2276 1113 2307 O
1130 2276 1206 2308 add.
1225 2276 1403 2307 Lehmann
1501 2279 1543 2307 26
1565 2277 1656 2313 mea]

327 2327 400 2348 mea
417 2319 529 2349 omnia
546 2319 633 2349 Reid
738 2329 778 2357 27
804 2330 871 2349 non
891 2319 995 2350 multo
1013 2323 1037 2351 Σ
1055 2319 1141 2350 Crat.
1158 2332 1165 2351 z
1189 2320 1294 2351 multo
1311 2326 1348 2351 Δ.
1396 2319 1481 2351 Edd.
1498 2330 1560 2350 uon
1576 2320 1662 2350 nulli

326 2362 371 2391 ila
396 2362 509 2401 legunt
535 2362 685 2400 Operam
710 2367 800 2392 tuam
828 2363 967 2393 multum
995 2373 1080 2402 amo,
1106 2363 1189 2403 qui:
1222 2363 1260 2395 de
1284 2363 1349 2395 loco
1365 2363 1482 2404 fusius
1513 2363 1659 2403 dtsputat

327 2403 504 2436 Lehmann
525 2405 625 2435 ‘Ata‘
639 2411 696 2446 pp.
720 2415 870 2445 203—205
