1827 2798
198 125 269 162 XI.
293 124 338 160 vi
673 126 729 163 M.
762 128 930 164 TVLLI
963 126 1269 164 CICERONIS

308 249 520 288 numquam
557 234 783 285 paenitebit,
821 233 959 272 consili
992 234 1175 284 paenitet.
1247 237 1294 274 In
1327 237 1476 288 oppido
1505 238 1638 288 aliquo

307 303 463 340 mallem
499 300 689 338 resedisse
719 300 852 349 quoad
886 313 1127 348 accerserer3
1166 301 1295 340 minus
1326 303 1517 341 sermonis
1551 304 1639 341 sub-

308 365 436 412 issem,
453 364 582 402 minus
602 364 841 414 accepissem
864 365 1021 412 doloris,
1038 365 1168 415 ipsum
1184 368 1260 405 hoc
1282 381 1344 405 me
1365 382 1445 407 non
1465 377 1634 418 angeret.

309 429 492 468 Brundisi
527 429 652 467 iacere
692 429 729 467 in
766 429 894 467 omnis
935 430 1052 479 partis
1087 438 1145 469 est
1179 433 1400 470 molestum.
1471 432 1637 482 Propius

305 495 505 541 accedere,
529 502 569 532 ut
591 495 744 541 suadeS,
768 508 847 544 quo
869 496 991 533 modo
1018 495 1102 534 sine
1122 495 1324 535 lictoribus
1346 511 1446 547 quos
1466 499 1636 548 populus
1658 512 1675 542 5

305 559 415 598 dedit
437 562 627 609 possum?
657 559 723 610 qui
741 560 836 597 mihi
858 559 1046 599 incolumi
1062 561 1183 599 adimi
1200 575 1280 599 non
1301 570 1477 612 possunt.
1525 563 1637 611 Quos

304 638 378 674 ego
399 629 529 665 †1ion†
549 624 745 675 paulisper
766 639 856 663 cum
879 625 1029 663 bacillis
1054 625 1092 663 in
1115 627 1269 664 turbam
1287 627 1439 665 conieci
1459 628 1509 665 ad
1531 627 1638 677 oppi-

305 690 402 728 dum
436 691 630 728 accedens
662 703 712 728 ne
742 690 828 740 quis
858 690 1028 740 impetus
1068 691 1236 729 militum
1266 693 1385 730 fieret.
1444 692 1637 742 †Recipio

263 765 287 802 3
307 762 482 805 tempore
504 768 567 793 me
588 756 710 794 domo
726 763 763 793 te
784 759 925 795 nunc†.
989 757 1053 794 Ad
1070 756 1246 806 Oppium
1266 763 1302 795 et
1314 759 1484 795 Balbum
1504 759 1641 807 scrzpsi

306 818 381 872 [et]
404 833 578 869 quonam
595 820 640 858 iis
661 822 831 870 placeret
848 822 970 859 modo
986 821 1145 871 propius
1169 823 1357 860 accedere
1377 830 1419 860 ut
1435 824 1509 861 hac
1530 824 1579 861 de
1596 837 1635 861 re
1659 837 1696 859 ιο

303 885 607 924 considerarent.
668 886 800 925 Credo
830 886 912 924 fore
941 893 1132 924 auctores.
1197 886 1261 924 Sic
1292 886 1398 925 enim
1428 887 1632 937 recipiunt,

305 950 462 990 Caesari
493 964 574 989 non
605 952 727 989 modo
751 952 801 989 de
828 952 1098 990 conservanda
1128 953 1197 990 sed
1227 952 1345 990 etiam
1375 954 1425 991 de
1454 955 1635 1002 augenda

305 1030 391 1055 mea
411 1016 600 1067 dignitate
627 1030 742 1055 curae
763 1017 854 1063 fore,
879 1030 1022 1066 meque
1043 1018 1247 1055 hortantur
1268 1025 1309 1055 ut
1337 1031 1481 1068 magno
1501 1017 1635 1056 animo

302 1082 388 1129 sim,
420 1089 461 1120 ut
488 1081 622 1120 onmia
651 1095 806 1120 summa
837 1095 1000 1132 sperem.
1061 1084 1120 1120 Ea
1148 1084 1356 1133 spondent,
1386 1084 1631 1122 confirmant.

303 1148 418 1196 Quae
434 1146 596 1196 quidem
618 1146 714 1184 mihi
731 1146 990 1196 exploratiora
1006 1154 1147 1195 essent,
1166 1147 1196 1185 si
1218 1148 1503 1186 remansissem.
1555 1150 1632 1187 Sed
1657 1162 1692 1193 15

301 1211 436 1262 ingero
467 1211 697 1262 praeterita,
737 1211 836 1258 vide,
871 1225 1030 1261 quaeso,
1066 1212 1180 1262 igitur
1212 1226 1257 1250 ea
1287 1227 1387 1263 quae
1419 1221 1565 1252 restant
1595 1225 1631 1252 et

301 1279 460 1327 explora
480 1291 570 1315 cum
592 1276 673 1315 istis
695 1284 744 1323 et,
767 1276 797 1314 si
826 1277 982 1326 putabis
1007 1291 1106 1327 opus
1128 1291 1212 1316 esse
1233 1285 1271 1316 et
1292 1278 1323 1316 si
1344 1278 1425 1316 istis
1447 1279 1629 1328 placebit,

301 1357 381 1393 quo
406 1343 527 1393 magis
549 1345 695 1382 factum
718 1351 894 1381 nostrum
917 1345 1062 1383 Caesar
1081 1345 1221 1394 probet
1251 1345 1362 1395 quasi
1390 1346 1440 1383 de
1471 1359 1629 1384 suorum

301 1408 495 1446 sententia
518 1410 676 1455 factum,
699 1409 962 1447 adhibeantur
982 1410 1218 1457 Trebonius,
1241 1412 1378 1457 Pansa,
1402 1410 1433 1448 si
1456 1410 1523 1460 qui
1552 1410 1627 1458 alii,

300 1473 552 1523 scribantque
596 1475 647 1512 ad
697 1475 906 1514 Caesarem
942 1488 1005 1513 me
1044 1474 1233 1525 quicquid
1272 1475 1431 1514 fecerim
1470 1477 1521 1514 de
1560 1489 1629 1514 sua
1652 1489 1691 1510 20

302 1539 495 1578 sententia
516 1538 664 1578 fecisse.

257 1617 283 1654 4
355 1604 508 1642 Tulliae
530 1617 640 1643 meae
657 1605 818 1642 morbus
835 1612 872 1643 et
888 1604 1135 1644 imbecillitas
1151 1606 1324 1656 corporis
1341 1620 1404 1645 me
1421 1606 1628 1645 exanimat.

302 1672 433 1719 Quam
462 1669 531 1708 tibi
559 1670 743 1719 intellego
764 1683 928 1719 magnae
949 1684 1064 1709 curae
1091 1685 1186 1718 esse,
1211 1673 1318 1722 quod
1346 1679 1403 1711 est
1431 1671 1526 1710 mihi
1551 1685 1630 1721 gra-

257 1742 282 1782 5
301 1735 505 1774 tissimum.
568 1736 628 1773 De
651 1735 816 1785 Pompei
837 1736 940 1774 exitu
971 1736 1067 1774 mihi
1096 1738 1263 1776 dubium
1295 1751 1513 1787 numquam
1544 1737 1625 1775 fuit.

299 1802 429 1838 Tanta
449 1799 553 1838 enim
575 1799 797 1849 desperatio
818 1814 944 1838 rerum
966 1801 1048 1839 eius
1077 1802 1256 1840 omnium
1282 1816 1416 1852 regum
1445 1810 1482 1840 et
1507 1816 1628 1852 popu·
1651 1814 1687 1844 25

297 1867 423 1905 lorum
453 1865 606 1904 animos
641 1874 850 1915 occuparat
881 1874 923 1904 ut
951 1881 1204 1917 quocumque
1232 1867 1402 1906 venisset
1423 1869 1499 1905 hoc
1521 1875 1628 1917 puta-

296 1944 376 1970 rem
399 1932 582 1968 futurum.
643 1931 736 1968 Non
757 1944 918 1980 possum
942 1932 1024 1970 eius
1050 1946 1185 1970 casum
1211 1946 1291 1970 non
1313 1934 1470 1979 dolere3
1505 1933 1628 1970 homi-

250 2000 277 2037 6
298 2009 387 2035 nem
405 1995 509 2034 enim
524 1996 717 2045 integrum
734 2004 771 2034 et
785 2004 935 2035 castum
951 2005 987 2035 et
1000 2011 1155 2047 gravem
1173 1997 1350 2047 cognovi.
1399 1999 1460 2035 De
1476 1998 1628 2035 Fannio

298 2063 477 2100 consoler
498 2062 565 2100 te?
621 2061 846 2100 Perniciosa
866 2062 1100 2111 loquebatur
1129 2063 1180 2100 de
1210 2061 1415 2100 mansione
1445 2069 1520 2100 tua.
1582 2063 1624 2099 L.

340 2165 359 2192 4
385 2154 417 2184 in
437 2154 592 2184 omnibus
610 2154 761 2193 partibus
780 2152 825 2182 W
955 2155 975 2183 6
999 2153 1115 2191 adimi]
1135 2153 1185 2183 ln'c
1200 2153 1316 2183 desinit
1335 2153 1380 2183 W
1498 2164 1515 2192 7
1542 2153 1626 2194 non]

299 2208 387 2228 nunc
410 2198 579 2228 szstall:
607 2199 707 2228 modo
726 2196 811 2227 Reid
911 2198 941 2232 8,
959 2209 980 2236 9
1007 2197 1150 2235 Reliquo
1170 2197 1241 2227 xlioc
1255 2208 1293 2226 ex
1308 2197 1453 2231 Ernesti)
1472 2202 1626 2236 tempore

298 2252 350 2271 me
364 2241 451 2272 domi
467 2242 559 2271 tenui
572 2241 763 2280 Hosmamz:
790 2240 965 2279 Recipiam
978 2240 1031 2278 (sc.
1047 2241 1178 2275 lictores}
1194 2245 1343 2280 tempore
1358 2242 1490 2271 idoneo.
1530 2241 1626 2272 Mitte

299 2295 387 2315 nunc
403 2285 482 2315 coni.
503 2284 587 2314 Boot
690 2285 837 2323 Oppium
858 2284 899 2314 C:
924 2284 1083 2324 oppidum
1101 2283 1189 2315 codd.
1296 2290 1330 2314 et
1349 2285 1488 2314 Balbum
1506 2285 1624 2323 scripsi

298 2328 371 2358 add.
394 2328 581 2362 Lehmann,
599 2328 701 2366 elfere
717 2328 799 2357 idem
816 2327 931 2358 Lamb.
1066 2338 1104 2358 10
1127 2337 1273 2367 quonam
1291 2327 1394 2358 Boot:
1418 2333 1451 2357 et
1468 2328 1624 2366 quoniam

297 2371 409 2403 codd:
443 2376 475 2402 et
500 2382 645 2410 quonam
671 2371 870 2402 Lehmann:
904 2381 1089 2409 ecquonam
1123 2381 1197 2401 cum
1223 2370 1405 2411 Sternkopf
1496 2371 1535 2400 iis
1562 2371 1626 2401 OR

299 2415 432 2446 Maller:
448 2415 501 2445 his
512 2416 600 2445 ceteri
608 2414 696 2445 codd.
704 2414 884 2454 Sternkopf
924 2425 961 2453 14
982 2416 1025 2444 Fa
1036 2415 1411 2453 spondentconfirmant
1422 2415 1626 2451 ntglossmna

297 2459 365 2490 secl.
384 2458 470 2489 Reid
572 2459 612 2488 16
635 2457 770 2497 ingero]
789 2468 855 2488 non
875 2458 1007 2497 integra
1023 2458 1132 2489 Koch:
1156 2468 1260 2497 pergo
1278 2457 1363 2488 Reid
1375 2458 1443 2488 coll.
1462 2458 1504 2489 iii.
1525 2468 1572 2498 ¹5·
1592 2469 1611 2497 5
