1827 2798
155 135 272 172 XIII.
297 135 421 172 xxxii
680 134 736 171 M.
768 132 937 169 TVLLI
968 131 1275 170 CICERONIS

307 260 444 298 parum
474 243 707 290 intellexisti,
731 243 861 290 credo,
885 241 977 292 quia
1006 243 1064 281 διὸ.
1093 244 1256 293 σημείων
1279 241 1518 292 scripseram.
1579 243 1641 279 De

308 313 352 351 C.
376 310 577 348 Tuditano
598 308 704 347 enim
729 307 968 357 quaerebam
995 320 1114 357 quem
1135 321 1182 346 ex
1204 306 1421 345 Hortensio
1441 305 1641 344 audieram

308 376 426 414 fuisse
446 375 486 412 in
507 375 658 412 decem.
719 375 822 411 Eum
843 372 960 411 video
981 372 1021 410 in
1042 372 1207 411 Libonis
1227 379 1447 422 praetorem
1468 373 1509 409 P.
1529 371 1643 421 Popi-

306 440 360 478 lio
390 442 431 477 P.
456 438 618 489 Rupilio
647 451 732 476 coss.
791 437 919 476 Annis
949 449 1045 475 xlm
1070 444 1161 475 ante
1188 450 1307 487 quarn
1337 443 1491 487 praetor
1517 437 1643 474 factus

307 512 365 544 est
392 506 541 554 legatus
568 517 654 542 esse
683 503 885 554 potuisset,
909 502 984 541 nisi
1013 504 1232 541 admodum
1262 515 1348 541 sero
1378 508 1562 551 quaestor
1586 508 1643 539 est
1664 510 1680 541 5

308 571 462 607 factus?
491 570 600 619 quod
621 582 702 607 non
722 568 897 606 arbitror.
954 567 1085 606 Video
1106 567 1213 606 enim
1233 567 1376 605 curulis
1398 566 1644 617 magistratus

307 648 399 673 eum
433 633 615 683 legitimis
649 632 763 671 annis
795 632 978 682 perfacile
1012 632 1172 682 cepisse.
1233 631 1482 670 Postumium
1512 638 1643 669 autem

308 699 419 738 cuius
458 706 627 737 statuam
666 698 706 736 in
747 699 901 736 Isthmo
940 697 1166 736 meminisse
1205 705 1243 736 te
1282 697 1380 736 dicis
1419 696 1644 735 nesciebam

308 764 438 802 fuisse.
500 765 539 802 Is
568 770 701 801 autem
731 770 790 801 est
819 762 886 812 qui
906 776 972 800 cos.
1002 776 1093 800 cum
1116 763 1164 800 L.
1193 763 1360 800 Lucullo
1389 761 1488 809 fuit3
1526 775 1644 811 quem

309 836 352 867 tu
373 828 469 866 mihi
488 827 677 867 addidisti
698 842 792 867 sane
812 829 862 867 ad
883 828 993 866 illum
1011 829 1202 880 σύλλογον
1217 841 1426 877 personam
1448 826 1643 866 idoneam.
1668 839 1705 861 10

310 893 476 932 Videbis
497 893 621 944 igitur,
646 893 676 931 si
704 893 859 944 poteris,
883 901 1045 940 ceteros,
1068 900 1110 931 ut
1136 892 1334 943 possimus
1353 896 1568 943 πομπεῦσαι
1589 892 1648 929 καὶ

309 963 385 1000 τοῖς
404 960 629 1009 προσώποις.

356 1067 561 1102 XXXIII
605 1069 674 1101 Ser.
696 1070 729 1100 in
752 1069 937 1100 Tusculano
954 1069 991 1100 ι’ίί
1004 1069 1089 1101 Non.
1111 1069 1186 1100 Iun.
1208 1080 1239 1100 a.
1259 1079 1317 1109 709
1337 1069 1417 1110 (θ’).

722 1147 894 1178 CICERO
924 1146 1107 1177 ATTICO
1137 1146 1245 1178 SAL.

280 1234 299 1261 1
374 1222 409 1260 O
442 1218 728 1270 neglegentiam
769 1218 930 1256 miram!
1006 1219 1188 1256 Semelne
1227 1225 1340 1268 putas
1374 1217 1472 1258 mihi
1504 1218 1648 1258 dixisse
1671 1231 1706 1262 15

317 1287 486 1324 Balbum
525 1293 563 1323 et
602 1284 812 1322 Faberium
854 1283 1140 1334 professionem
1184 1285 1377 1324 relatam?
1425 1283 1492 1334 qui
1531 1284 1648 1322 etiam

315 1365 451 1390 eorum
483 1350 590 1388 iussu
625 1349 796 1389 miserim
829 1348 897 1399 qui
928 1350 1183 1399 profiteretur.
1244 1350 1305 1388 Ita
1335 1349 1441 1387 enim
1471 1356 1650 1399 oportere

317 1416 514 1455 dicebant.
574 1416 776 1453 Professus
801 1422 859 1453 est
881 1414 1116 1452 Philotimus
1135 1413 1307 1452 libertus.
1361 1413 1495 1461 Nosti,
1519 1414 1651 1461 credo,

277 1494 301 1521 2
320 1481 530 1520 librarium.
589 1481 668 1519 Sed
703 1479 848 1518 scribes
878 1487 916 1518 et
946 1479 1108 1530 quidem
1139 1481 1375 1518 confectum.
1435 1480 1500 1518 Ad
1531 1479 1652 1518 Fabe-

319 1547 430 1593 rium,
453 1554 495 1584 ut
516 1545 587 1584 tibi
613 1547 753 1596 placet,
776 1545 921 1583 litteras
952 1544 1049 1592 misi,
1074 1558 1165 1583 cum
1187 1545 1313 1583 Balbo
1333 1552 1465 1583 autem
1492 1552 1589 1595 puto
1613 1552 1651 1583 te
1673 1557 1712 1579 20

316 1612 465 1662 aliquid
496 1612 633 1649 fecisse
663 1613 742 1651 †H.
775 1610 814 1648 in
846 1610 1079 1660 Capitolio†.
1140 1612 1188 1649 In
1218 1611 1390 1661 Vergilio
1420 1610 1516 1648 mihi
1545 1611 1652 1649 nulla

317 1686 375 1717 est
396 1679 572 1716 δυσωπία.
633 1678 718 1715 Nec
739 1676 845 1714 enim
866 1676 949 1715 eius
977 1691 1095 1715 causa
1115 1691 1208 1716 sane
1229 1677 1358 1716 debeo
1380 1684 1427 1723 et,
1452 1676 1482 1715 si
1507 1690 1653 1723 emero,

317 1743 413 1794 quid
434 1743 504 1781 erit
525 1743 633 1792 quod
654 1743 858 1792 postulet?
905 1743 983 1780 Sed
997 1742 1149 1780 videbis
1169 1756 1219 1780 ne
1240 1742 1271 1780 is
1292 1749 1375 1780 tum
1397 1741 1445 1780 sit
1465 1741 1505 1779 in
1521 1740 1654 1779 Africa

317 1816 360 1847 ut
381 1807 549 1847 Caelius.

374 1876 436 1912 De
465 1872 626 1911 nomine
657 1879 698 1910 tu
728 1872 880 1911 videbis
911 1886 1001 1911 cum
1034 1872 1194 1923 Cispio;
1235 1874 1304 1911 sed
1334 1872 1365 1910 si
1392 1873 1559 1910 Plancus
1589 1872 1654 1910 de-
1676 1884 1711 1915 25

318 1939 447 1986 stinat,
488 1946 571 1977 tum
614 1939 734 1976 habet
778 1952 837 1977 res
882 1938 1164 1977 difficultatem.
1235 1940 1294 1977 Te
1331 1939 1382 1977 ad
1421 1952 1484 1977 me
1523 1937 1654 1976 venire

368 2054 381 2074 1
410 2043 607 2074 intellexisti
629 2043 741 2083 vulga:
767 2043 921 2073 intellexi
948 2042 1006 2073 M:
1033 2043 1200 2073 intellexti
1226 2042 1310 2073 Pius
1470 2054 1489 2082 4
1516 2043 1654 2082 Rupilio

321 2098 406 2119 coss.
441 2088 553 2117 Annis
580 2087 705 2118 Romu:
744 2087 907 2126 Rupilian
941 2086 982 2117 M
1126 2097 1145 2126 5
1170 2086 1353 2127 potuisset]
1387 2097 1454 2117 non
1487 2086 1654 2126 potuisset

325 2132 485 2161 Vrsinus:
512 2142 579 2161 non
606 2131 714 2170 potuit
745 2130 934 2170 l'Vcsenbetg
1111 2131 1180 2171 est]
1208 2135 1300 2161 esset
1327 2130 1539 2171 Mzzllerww'
1560 2131 1653 2161 inler-

317 2176 438 2215 pnngit
461 2176 636 2214 potuisset⁷
658 2174 722 2205 nisi
746 2199 752 2205 .
774 2199 780 2206 .
801 2199 807 2206 .
830 2179 922 2205 esset
948 2174 1096 2213 factus2)
1230 2176 1250 2204 8
1275 2175 1468 2205 nesciebam
1487 2174 1654 2204 Muretus:

322 2220 468 2250 sciebam
494 2218 535 2248 M
723 2230 744 2258 9
768 2229 834 2250 cos.
860 2222 889 2248 et
914 2218 949 2249 Ι..
977 2217 1052 2249 add.
1085 2217 1273 2258 Wesenberg
1458 2228 1494 2257 15
1521 2218 1550 2248 O
1576 2217 1652 2248 add.

324 2263 447 2292 Msiller
642 2273 681 2301 19
706 2263 885 2293 confestim
910 2261 1032 2292 Bosz'us
1232 2272 1270 2291 21
1298 2261 1399 2292 hodie
1425 2262 1459 2292 in
1485 2262 1654 2300 Capitolio

324 2306 466 2336 Rosius:
505 2306 597 2336 Hinc
630 2306 747 2345 incipit
779 2306 844 2336 alia
877 2306 948 2345 (12⁶².
984 2306 1136 2346 epistula)
1164 2305 1332 2345 glossema
1363 2316 1427 2335 esse
1457 2306 1536 2336 coni.
1572 2306 1657 2335 Boot

325 2350 487 2388 Verginio
507 2349 591 2379 Reid
605 2350 672 2382 coll.
694 2350 752 2380 xii.
770 2359 788 2388 5
803 2361 821 2379 a
972 2360 1012 2388 23
1038 2354 1106 2379 tum
1126 2348 1262 2388 [vt-rell:
1288 2358 1363 2379 cum
1380 2348 1468 2379 codd.
1488 2360 1495 2379 :
1520 2359 1655 2387 quoque

323 2395 400 2424 coni.
425 2394 526 2423 Orelli
710 2403 762 2431 25,
782 2394 824 2423 26
848 2393 1009 2427 destinat,
1024 2398 1093 2423 turn
1111 2393 1225 2422 codices
1244 2392 1342 2422 Bosi:
1369 2391 1576 2423 destinatum
1595 2390 1654 2421 M:

326 2438 531 2468 destinatum
550 2437 652 2467 habet
669 2436 861 2476 Malaspiua
981 2437 1023 2466 26
1049 2436 1150 2466 habet
1167 2446 1222 2466 res
1239 2435 1319 2467 Ant.
1337 2434 1375 2467 Ζ(
1391 2446 1397 2465 ;
1422 2435 1565 2466 haberes
1583 2435 1621 2465 M
