<?xml version="1.0" encoding="UTF-8"?>
<!DOCTYPE html PUBLIC "-//W3C//DTD XHTML 1.0 Transitional//EN"
    "http://www.w3.org/TR/xhtml1/DTD/xhtml1-transitional.dtd">
<html xmlns="http://www.w3.org/1999/xhtml" xml:lang="en" lang="en">
 <head>
  <title>
</title>
<meta http-equiv="Content-Type" content="text/html;charset=utf-8" />
  <meta name='ocr-system' content='tesseract 3.04.00' />
  <meta name='ocr-capabilities' content='ocr_page ocr_carea ocr_par ocr_line ocrx_word'/>
</head>
<body>
  <div class='ocr_page' id='page_1' title='image "./epistulaerecogno0202ciceuoft_0252.png"; bbox 0 0 1827 2798; ppageno 0'>
   <div class='ocr_carea' id='block_1_1' title="bbox 207 133 293 170">
    <p class='ocr_par' dir='ltr' id='par_1_1' title="bbox 207 133 293 170">
     <span class='ocr_line' id='line_1_1' title="bbox 207 133 293 170; baseline 0 -1"><span class='ocrx_word' id='word_1_1' title='bbox 207 133 293 170; x_wconf 90' lang='lat' dir='ltr'><strong>XV.</strong></span> 
     </span>
    </p>
   </div>
   <div class='ocr_carea' id='block_1_2' title="bbox 265 968 282 995">
    <p class='ocr_par' dir='ltr' id='par_1_2' title="bbox 265 968 282 995">
     <span class='ocr_line' id='line_1_2' title="bbox 265 968 282 995; baseline 0 0"><span class='ocrx_word' id='word_1_2' title='bbox 265 968 282 995; x_wconf 95' lang='lat'>1</span> 
     </span>
    </p>
   </div>
   <div class='ocr_carea' id='block_1_3' title="bbox 317 128 1266 168">
    <p class='ocr_par' dir='ltr' id='par_1_3' title="bbox 317 128 1266 168">
     <span class='ocr_line' id='line_1_3' title="bbox 317 128 1266 168; baseline -0.002 0"><span class='ocrx_word' id='word_1_3' title='bbox 317 143 346 168; x_wconf 87' lang='lat' dir='ltr'><strong>x</strong></span> <span class='ocrx_word' id='word_1_4' title='bbox 673 131 729 168; x_wconf 87' lang='grc' dir='ltr'><strong>Μ.</strong></span> <span class='ocrx_word' id='word_1_5' title='bbox 760 130 929 166; x_wconf 85' lang='lat' dir='ltr'>TVLLI</span> <span class='ocrx_word' id='word_1_6' title='bbox 960 128 1266 167; x_wconf 77' lang='lat' dir='ltr'>CICERONIS</span> 
     </span>
    </p>
   </div>
   <div class='ocr_carea' id='block_1_4' title="bbox 302 237 1634 745">
    <p class='ocr_par' dir='ltr' id='par_1_4' title="bbox 302 237 1634 745">
     <span class='ocr_line' id='line_1_4' title="bbox 303 237 1632 289; baseline -0.002 -9"><span class='ocrx_word' id='word_1_7' title='bbox 303 244 489 280; x_wconf 84' lang='lat' dir='ltr'><strong>molestus</strong></span> <span class='ocrx_word' id='word_1_8' title='bbox 521 240 601 278; x_wconf 85' lang='lat' dir='ltr'><strong>sit?</strong></span> <span class='ocrx_word' id='word_1_9' title='bbox 630 241 745 278; x_wconf 88' lang='lat' dir='ltr'><strong>ludos</strong></span> <span class='ocrx_word' id='word_1_10' title='bbox 775 253 867 277; x_wconf 81' lang='lat' dir='ltr'><strong>vero</strong></span> <span class='ocrx_word' id='word_1_11' title='bbox 896 252 978 277; x_wconf 87' lang='lat' dir='ltr'><strong>non</strong></span> <span class='ocrx_word' id='word_1_12' title='bbox 1007 240 1161 277; x_wconf 82' lang='lat' dir='ltr'><strong>facere!</strong></span> <span class='ocrx_word' id='word_1_13' title='bbox 1191 238 1288 289; x_wconf 87' lang='lat' dir='ltr'><strong>quid</strong></span> <span class='ocrx_word' id='word_1_14' title='bbox 1318 237 1504 277; x_wconf 87' lang='lat' dir='ltr'><strong>foedius?</strong></span> <span class='ocrx_word' id='word_1_15' title='bbox 1559 240 1632 277; x_wconf 89' lang='lat' dir='ltr'><strong>fru-</strong></span> 
     </span>
     <span class='ocr_line' id='line_1_5' title="bbox 303 303 1631 354; baseline -0.002 -10"><span class='ocrx_word' id='word_1_16' title='bbox 303 315 478 344; x_wconf 88' lang='lat' dir='ltr'><strong>mentum</strong></span> <span class='ocrx_word' id='word_1_17' title='bbox 509 305 739 354; x_wconf 72' lang='lat' dir='ltr'>imponere!</span> <span class='ocrx_word' id='word_1_18' title='bbox 770 318 870 354; x_wconf 86' lang='lat' dir='ltr'><strong>quae</strong></span> <span class='ocrx_word' id='word_1_19' title='bbox 898 311 956 341; x_wconf 87' lang='lat' dir='ltr'><strong>est</strong></span> <span class='ocrx_word' id='word_1_20' title='bbox 981 303 1057 342; x_wconf 86' lang='lat' dir='ltr'><strong>alia</strong></span> <span class='ocrx_word' id='word_1_21' title='bbox 1086 303 1228 342; x_wconf 90' lang='lat' dir='ltr'><strong>Dionis</strong></span> <span class='ocrx_word' id='word_1_22' title='bbox 1256 303 1398 353; x_wconf 85' lang='lat' dir='ltr'><strong>legatio</strong></span> <span class='ocrx_word' id='word_1_23' title='bbox 1427 311 1494 342; x_wconf 88' lang='lat' dir='ltr'><strong>aut</strong></span> <span class='ocrx_word' id='word_1_24' title='bbox 1524 305 1631 354; x_wconf 90' lang='lat' dir='ltr'><strong>quod</strong></span> 
     </span>
     <span class='ocr_line' id='line_1_6' title="bbox 305 367 1633 418; baseline -0.002 -10"><span class='ocrx_word' id='word_1_25' title='bbox 305 384 445 408; x_wconf 86' lang='lat' dir='ltr'><strong>munus</strong></span> <span class='ocrx_word' id='word_1_26' title='bbox 477 369 515 407; x_wconf 89' lang='lat' dir='ltr'><strong>in</strong></span> <span class='ocrx_word' id='word_1_27' title='bbox 546 383 586 407; x_wconf 87' lang='lat' dir='ltr'><strong>re</strong></span> <span class='ocrx_word' id='word_1_28' title='bbox 616 369 776 418; x_wconf 84' lang='lat' dir='ltr'><strong>publica</strong></span> <span class='ocrx_word' id='word_1_29' title='bbox 804 368 1030 407; x_wconf 79' lang='lat' dir='ltr'>sordidius?</span> <span class='ocrx_word' id='word_1_30' title='bbox 1083 370 1244 407; x_wconf 84' lang='lat' dir='ltr'>Prorsus</span> <span class='ocrx_word' id='word_1_31' title='bbox 1278 367 1440 418; x_wconf 87' lang='lat' dir='ltr'><strong>quidem</strong></span> <span class='ocrx_word' id='word_1_32' title='bbox 1471 368 1633 407; x_wconf 86' lang='lat' dir='ltr'><strong>consilia</strong></span> 
     </span>
     <span class='ocr_line' id='line_1_7' title="bbox 302 432 1633 484; baseline -0.002 -12"><span class='ocrx_word' id='word_1_33' title='bbox 302 434 368 472; x_wconf 86' lang='lat' dir='ltr'><strong>tali</strong></span> <span class='ocrx_word' id='word_1_34' title='bbox 390 434 428 472; x_wconf 89' lang='lat' dir='ltr'><strong>in</strong></span> <span class='ocrx_word' id='word_1_35' title='bbox 457 449 496 472; x_wconf 93' lang='lat' dir='ltr'><strong>re</strong></span> <span class='ocrx_word' id='word_1_36' title='bbox 524 433 640 472; x_wconf 88' lang='lat' dir='ltr'><strong>neiis</strong></span> <span class='ocrx_word' id='word_1_37' title='bbox 666 434 828 484; x_wconf 88' lang='lat' dir='ltr'><strong>quidem</strong></span> <span class='ocrx_word' id='word_1_38' title='bbox 855 441 938 471; x_wconf 84' lang='lat' dir='ltr'><strong>tuta</strong></span> <span class='ocrx_word' id='word_1_39' title='bbox 963 441 1054 472; x_wconf 91' lang='lat' dir='ltr'><strong>sunt</strong></span> <span class='ocrx_word' id='word_1_40' title='bbox 1075 447 1143 483; x_wconf 82' lang='lat' dir='ltr'><strong>qul</strong></span> <span class='ocrx_word' id='word_1_41' title='bbox 1164 435 1286 481; x_wconf 86' lang='lat' dir='ltr'><strong>dant;</strong></span> <span class='ocrx_word' id='word_1_42' title='bbox 1317 434 1387 472; x_wconf 93' lang='lat' dir='ltr'><strong>sed</strong></span> <span class='ocrx_word' id='word_1_43' title='bbox 1417 433 1565 482; x_wconf 91' lang='lat' dir='ltr'><strong>possim</strong></span> <span class='ocrx_word' id='word_1_44' title='bbox 1593 432 1633 471; x_wconf 93' lang='lat' dir='ltr'><strong>id</strong></span> 
     </span>
     <span class='ocr_line' id='line_1_8' title="bbox 302 498 1633 550; baseline -0.001 -13"><span class='ocrx_word' id='word_1_45' title='bbox 302 500 505 549; x_wconf 74' lang='lat' dir='ltr'><strong>neglegere</strong></span> <span class='ocrx_word' id='word_1_46' title='bbox 540 499 774 550; x_wconf 84' lang='lat' dir='ltr'><strong>proficiens;</strong></span> <span class='ocrx_word' id='word_1_47' title='bbox 814 501 953 537; x_wconf 87' lang='lat' dir='ltr'><strong>frustra</strong></span> <span class='ocrx_word' id='word_1_48' title='bbox 986 513 1078 537; x_wconf 86' lang='lat' dir='ltr'><strong>vero</strong></span> <span class='ocrx_word' id='word_1_49' title='bbox 1113 498 1181 548; x_wconf 89' lang='lat' dir='ltr'><strong>qui</strong></span> <span class='ocrx_word' id='word_1_50' title='bbox 1211 498 1436 549; x_wconf 82' lang='lat' dir='ltr'><strong>ingrediar?</strong></span> <span class='ocrx_word' id='word_1_51' title='bbox 1495 498 1633 536; x_wconf 83' lang='lat' dir='ltr'><strong>Matris</strong></span> 
     </span>
     <span class='ocr_line' id='line_1_9' title="bbox 302 563 1634 614; baseline -0.001 -12"><span class='ocrx_word' id='word_1_52' title='bbox 302 564 467 603; x_wconf 78' lang='lat' dir='ltr'><strong>consilio</strong></span> <span class='ocrx_word' id='word_1_53' title='bbox 484 578 575 602; x_wconf 88' lang='lat' dir='ltr'><strong>cum</strong></span> <span class='ocrx_word' id='word_1_54' title='bbox 589 572 719 602; x_wconf 83' lang='lat' dir='ltr'><strong>utatur</strong></span> <span class='ocrx_word' id='word_1_55' title='bbox 732 565 794 602; x_wconf 86' lang='lat' dir='ltr'><strong>vel</strong></span> <span class='ocrx_word' id='word_1_56' title='bbox 815 564 932 602; x_wconf 89' lang='lat' dir='ltr'><strong>etiam</strong></span> <span class='ocrx_word' id='word_1_57' title='bbox 949 564 1141 614; x_wconf 81' lang='lat' dir='ltr'><strong>precibus,</strong></span> <span class='ocrx_word' id='word_1_58' title='bbox 1161 564 1257 613; x_wconf 91' lang='lat' dir='ltr'><strong>quid</strong></span> <span class='ocrx_word' id='word_1_59' title='bbox 1272 577 1335 602; x_wconf 90' lang='lat' dir='ltr'><strong>me</strong></span> <span class='ocrx_word' id='word_1_60' title='bbox 1352 563 1600 613; x_wconf 82' lang='lat' dir='ltr'><strong>interponam</strong></span> <span class='ocrx_word' id='word_1_61' title='bbox 1618 565 1634 601; x_wconf 89' lang='lat'>?</span> 
     </span>
     <span class='ocr_line' id='line_1_10' title="bbox 303 627 1633 679; baseline -0.002 -11"><span class='ocrx_word' id='word_1_62' title='bbox 303 631 381 668; x_wconf 83' lang='lat' dir='ltr'><strong>Sed</strong></span> <span class='ocrx_word' id='word_1_63' title='bbox 404 638 535 667; x_wconf 85' lang='lat' dir='ltr'><strong>tamen</strong></span> <span class='ocrx_word' id='word_1_64' title='bbox 552 629 735 679; x_wconf 77' lang='lat' dir='ltr'>cogitabo</span> <span class='ocrx_word' id='word_1_65' title='bbox 764 643 844 679; x_wconf 91' lang='lat' dir='ltr'><strong>quo</strong></span> <span class='ocrx_word' id='word_1_66' title='bbox 870 643 1012 679; x_wconf 85' lang='lat' dir='ltr'><strong>genere</strong></span> <span class='ocrx_word' id='word_1_67' title='bbox 1032 637 1118 667; x_wconf 86' lang='lat' dir='ltr'><strong>utar</strong></span> <span class='ocrx_word' id='word_1_68' title='bbox 1138 629 1352 667; x_wconf 89' lang='lat' dir='ltr'><strong>litterarum</strong></span> <span class='ocrx_word' id='word_1_69' title='bbox 1368 643 1378 676; x_wconf 81' lang='lat'>3</span> <span class='ocrx_word' id='word_1_70' title='bbox 1408 642 1499 666; x_wconf 90' lang='lat' dir='ltr'><strong>nam</strong></span> <span class='ocrx_word' id='word_1_71' title='bbox 1522 627 1633 666; x_wconf 90' lang='lat' dir='ltr'><strong>silere</strong></span> 
     </span>
     <span class='ocr_line' id='line_1_11' title="bbox 304 692 1629 745; baseline -0.002 -12"><span class='ocrx_word' id='word_1_72' title='bbox 304 709 383 733; x_wconf 89' lang='lat' dir='ltr'><strong>non</strong></span> <span class='ocrx_word' id='word_1_73' title='bbox 401 709 574 745; x_wconf 90' lang='lat' dir='ltr'><strong>possum.</strong></span> <span class='ocrx_word' id='word_1_74' title='bbox 625 695 766 734; x_wconf 80' lang='lat' dir='ltr'>Statim</span> <span class='ocrx_word' id='word_1_75' title='bbox 786 694 902 745; x_wconf 81' lang='lat' dir='ltr'><strong>igitur</strong></span> <span class='ocrx_word' id='word_1_76' title='bbox 922 694 1074 732; x_wconf 89' lang='lat' dir='ltr'><strong>mittam</strong></span> <span class='ocrx_word' id='word_1_77' title='bbox 1095 696 1155 733; x_wconf 89' lang='lat' dir='ltr'><strong>vel</strong></span> <span class='ocrx_word' id='word_1_78' title='bbox 1177 694 1342 732; x_wconf 90' lang='lat' dir='ltr'><strong>Antium</strong></span> <span class='ocrx_word' id='word_1_79' title='bbox 1363 694 1424 732; x_wconf 86' lang='lat' dir='ltr'><strong>vel</strong></span> <span class='ocrx_word' id='word_1_80' title='bbox 1445 692 1629 733; x_wconf 79' lang='lat' dir='ltr'><strong>Circeios.</strong></span> 
     </span>
    </p>
   </div>
   <div class='ocr_carea' id='block_1_5' title="bbox 344 805 1378 916">
    <p class='ocr_par' dir='ltr' id='par_1_5' title="bbox 344 805 1378 916">
     <span class='ocr_line' id='line_1_12' title="bbox 344 805 1378 848; baseline 0 -10"><span class='ocrx_word' id='word_1_81' title='bbox 344 805 410 838; x_wconf 86' lang='lat' dir='ltr'><strong>XI</strong></span> <span class='ocrx_word' id='word_1_82' title='bbox 554 807 624 839; x_wconf 80' lang='lat' dir='ltr'><strong>Ser.</strong></span> <span class='ocrx_word' id='word_1_83' title='bbox 647 808 679 838; x_wconf 81' lang='lat' dir='ltr'><strong>z&#39;n</strong></span> <span class='ocrx_word' id='word_1_84' title='bbox 697 807 834 837; x_wconf 76' lang='lat' dir='ltr'><strong>Antiati</strong></span> <span class='ocrx_word' id='word_1_85' title='bbox 846 818 876 838; x_wconf 78' lang='lat' dir='ltr'><strong>a.</strong></span> <span class='ocrx_word' id='word_1_86' title='bbox 895 807 927 838; x_wconf 83' lang='lat' dir='ltr'><strong>d.</strong></span> <span class='ocrx_word' id='word_1_87' title='bbox 950 807 1045 838; x_wconf 76' lang='lat' dir='ltr'><strong>m&#39;Icl.</strong></span> <span class='ocrx_word' id='word_1_88' title='bbox 1066 807 1142 837; x_wconf 79' lang='lat' dir='ltr'><strong>Iun.</strong></span> <span class='ocrx_word' id='word_1_89' title='bbox 1163 818 1192 838; x_wconf 85' lang='lat' dir='ltr'><strong>a.</strong></span> <span class='ocrx_word' id='word_1_90' title='bbox 1216 817 1271 846; x_wconf 86' lang='lat'><strong>710</strong></span> <span class='ocrx_word' id='word_1_91' title='bbox 1290 807 1378 848; x_wconf 72' lang='lat'><em>(44).</em></span> 
     </span>
     <span class='ocr_line' id='line_1_13' title="bbox 711 883 1230 916; baseline -0.002 -1"><span class='ocrx_word' id='word_1_92' title='bbox 711 884 882 916; x_wconf 79' lang='lat' dir='ltr'><em>CICERO</em></span> <span class='ocrx_word' id='word_1_93' title='bbox 912 884 1093 915; x_wconf 83' lang='lat' dir='ltr'><em>ATTICO</em></span> <span class='ocrx_word' id='word_1_94' title='bbox 1123 883 1230 915; x_wconf 72' lang='lat' dir='ltr'><strong><em>SAL.</em></strong></span> 
     </span>
    </p>
   </div>
   <div class='ocr_carea' id='block_1_6' title="bbox 301 956 1634 2050">
    <p class='ocr_par' dir='ltr' id='par_1_6' title="bbox 301 956 1634 2050">
     <span class='ocr_line' id='line_1_14' title="bbox 357 956 1633 996; baseline 0 -1"><span class='ocrx_word' id='word_1_95' title='bbox 357 957 521 996; x_wconf 87' lang='lat' dir='ltr'><strong>Antium</strong></span> <span class='ocrx_word' id='word_1_96' title='bbox 561 957 650 996; x_wconf 88' lang='lat' dir='ltr'><strong>veni</strong></span> <span class='ocrx_word' id='word_1_97' title='bbox 688 971 721 995; x_wconf 90' lang='lat' dir='ltr'><strong>a.</strong></span> <span class='ocrx_word' id='word_1_98' title='bbox 762 958 799 995; x_wconf 92' lang='lat' dir='ltr'><strong>d.</strong></span> <span class='ocrx_word' id='word_1_99' title='bbox 841 969 882 995; x_wconf 89' lang='lat' dir='ltr'><strong>V1</strong></span> <span class='ocrx_word' id='word_1_100' title='bbox 922 958 1030 995; x_wconf 91' lang='lat' dir='ltr'><strong>Idus.</strong></span> <span class='ocrx_word' id='word_1_101' title='bbox 1104 959 1227 995; x_wconf 86' lang='lat' dir='ltr'><strong>Bruto</strong></span> <span class='ocrx_word' id='word_1_102' title='bbox 1266 956 1461 995; x_wconf 88' lang='lat' dir='ltr'><strong>iucundus</strong></span> <span class='ocrx_word' id='word_1_103' title='bbox 1500 965 1633 996; x_wconf 81' lang='lat' dir='ltr'><strong>noster</strong></span> 
     </span>
     <span class='ocr_line' id='line_1_15' title="bbox 301 1021 1629 1070; baseline -0.001 -9"><span class='ocrx_word' id='word_1_104' title='bbox 301 1024 505 1061; x_wconf 84' lang='lat' dir='ltr'><strong>adventus.</strong></span> <span class='ocrx_word' id='word_1_105' title='bbox 567 1022 725 1061; x_wconf 90' lang='lat' dir='ltr'><strong>Deinde</strong></span> <span class='ocrx_word' id='word_1_106' title='bbox 765 1022 896 1060; x_wconf 89' lang='lat' dir='ltr'><strong>multis</strong></span> <span class='ocrx_word' id='word_1_107' title='bbox 934 1021 1202 1070; x_wconf 76' lang='lat' dir='ltr'><strong>audientibus,</strong></span> <span class='ocrx_word' id='word_1_108' title='bbox 1237 1022 1406 1069; x_wconf 82' lang='lat' dir='ltr'><strong>Servilia,</strong></span> <span class='ocrx_word' id='word_1_109' title='bbox 1443 1024 1629 1069; x_wconf 90' lang='lat' dir='ltr'><strong>Tertulla,</strong></span> 
     </span>
     <span class='ocr_line' id='line_1_16' title="bbox 303 1087 1628 1138; baseline 0 -13"><span class='ocrx_word' id='word_1_110' title='bbox 303 1088 451 1135; x_wconf 81' lang='lat' dir='ltr'><strong>Porcia,</strong></span> <span class='ocrx_word' id='word_1_111' title='bbox 488 1102 674 1138; x_wconf 77' lang='lat' dir='ltr'><strong>quaerere</strong></span> <span class='ocrx_word' id='word_1_112' title='bbox 713 1088 809 1138; x_wconf 90' lang='lat' dir='ltr'><strong>quid</strong></span> <span class='ocrx_word' id='word_1_113' title='bbox 848 1089 1028 1138; x_wconf 87' lang='lat' dir='ltr'><strong>placeret.</strong></span> <span class='ocrx_word' id='word_1_114' title='bbox 1089 1089 1237 1125; x_wconf 89' lang='lat' dir='ltr'><strong>Aderat</strong></span> <span class='ocrx_word' id='word_1_115' title='bbox 1271 1087 1389 1125; x_wconf 83' lang='lat' dir='ltr'><strong>etiam</strong></span> <span class='ocrx_word' id='word_1_116' title='bbox 1422 1087 1628 1125; x_wconf 85' lang='lat' dir='ltr'><strong>Favonius.</strong></span> 
     </span>
     <span class='ocr_line' id='line_1_17' title="bbox 304 1152 1632 1203; baseline -0.001 -12"><span class='ocrx_word' id='word_1_117' title='bbox 304 1156 389 1203; x_wconf 71' lang='lat' dir='ltr'><strong>Ego</strong></span> <span class='ocrx_word' id='word_1_118' title='bbox 410 1155 518 1203; x_wconf 89' lang='lat' dir='ltr'><strong>quod</strong></span> <span class='ocrx_word' id='word_1_119' title='bbox 535 1168 641 1192; x_wconf 87' lang='lat' dir='ltr'><strong>eram</strong></span> <span class='ocrx_word' id='word_1_120' title='bbox 658 1154 869 1192; x_wconf 88' lang='lat' dir='ltr'><strong>meditatus</strong></span> <span class='ocrx_word' id='word_1_121' title='bbox 890 1153 929 1190; x_wconf 94' lang='lat' dir='ltr'><strong>in</strong></span> <span class='ocrx_word' id='word_1_122' title='bbox 950 1152 1012 1191; x_wconf 87' lang='lat' dir='ltr'><strong>via</strong></span> <span class='ocrx_word' id='word_1_123' title='bbox 1032 1154 1196 1191; x_wconf 88' lang='lat' dir='ltr'><strong>suadere</strong></span> <span class='ocrx_word' id='word_1_124' title='bbox 1213 1160 1254 1190; x_wconf 91' lang='lat' dir='ltr'><strong>ut</strong></span> <span class='ocrx_word' id='word_1_125' title='bbox 1271 1160 1443 1191; x_wconf 85' lang='lat' dir='ltr'><strong>uteretur</strong></span> <span class='ocrx_word' id='word_1_126' title='bbox 1458 1152 1632 1190; x_wconf 83' lang='lat' dir='ltr'><strong>Asiatica</strong></span> 
     </span>
     <span class='ocr_line' id='line_1_18' title="bbox 302 1217 1631 1267; baseline -0.001 -11"><span class='ocrx_word' id='word_1_127' title='bbox 302 1219 505 1257; x_wconf 81' lang='lat' dir='ltr'><strong>curatione</strong></span> <span class='ocrx_word' id='word_1_128' title='bbox 534 1219 743 1267; x_wconf 78' lang='lat' dir='ltr'><strong>srumenti3</strong></span> <span class='ocrx_word' id='word_1_129' title='bbox 778 1218 873 1256; x_wconf 84' lang='lat' dir='ltr'><strong>nihil</strong></span> <span class='ocrx_word' id='word_1_130' title='bbox 903 1232 988 1256; x_wconf 90' lang='lat' dir='ltr'><strong>esse</strong></span> <span class='ocrx_word' id='word_1_131' title='bbox 1015 1218 1092 1255; x_wconf 90' lang='lat' dir='ltr'><strong>iam</strong></span> <span class='ocrx_word' id='word_1_132' title='bbox 1122 1217 1260 1267; x_wconf 84' lang='lat' dir='ltr'><strong>reliqui</strong></span> <span class='ocrx_word' id='word_1_133' title='bbox 1291 1219 1398 1267; x_wconf 90' lang='lat' dir='ltr'><strong>quod</strong></span> <span class='ocrx_word' id='word_1_134' title='bbox 1428 1231 1631 1267; x_wconf 80' lang='lat' dir='ltr'><strong>ageremus</strong></span> 
     </span>
     <span class='ocr_line' id='line_1_19' title="bbox 303 1282 1633 1333; baseline 0 -12"><span class='ocrx_word' id='word_1_135' title='bbox 303 1283 376 1321; x_wconf 84' lang='lat' dir='ltr'><strong>nisi</strong></span> <span class='ocrx_word' id='word_1_136' title='bbox 398 1291 440 1321; x_wconf 91' lang='lat' dir='ltr'><strong>ut</strong></span> <span class='ocrx_word' id='word_1_137' title='bbox 461 1286 589 1321; x_wconf 82' lang='lat' dir='ltr'><strong>salvus</strong></span> <span class='ocrx_word' id='word_1_138' title='bbox 611 1292 739 1331; x_wconf 79' lang='lat' dir='ltr'><strong>esset3</strong></span> <span class='ocrx_word' id='word_1_139' title='bbox 768 1283 808 1321; x_wconf 89' lang='lat' dir='ltr'><strong>in</strong></span> <span class='ocrx_word' id='word_1_140' title='bbox 835 1297 883 1321; x_wconf 94' lang='lat' dir='ltr'><strong>eo</strong></span> <span class='ocrx_word' id='word_1_141' title='bbox 910 1283 1028 1321; x_wconf 89' lang='lat' dir='ltr'><strong>etiam</strong></span> <span class='ocrx_word' id='word_1_142' title='bbox 1050 1282 1122 1333; x_wconf 89' lang='lat' dir='ltr'><strong>ipsi</strong></span> <span class='ocrx_word' id='word_1_143' title='bbox 1144 1282 1197 1320; x_wconf 93' lang='lat' dir='ltr'><strong>rei</strong></span> <span class='ocrx_word' id='word_1_144' title='bbox 1218 1282 1399 1332; x_wconf 86' lang='lat' dir='ltr'><strong>publicae</strong></span> <span class='ocrx_word' id='word_1_145' title='bbox 1421 1296 1506 1320; x_wconf 85' lang='lat' dir='ltr'><strong>esse</strong></span> <span class='ocrx_word' id='word_1_146' title='bbox 1527 1297 1633 1333; x_wconf 84' lang='lat' dir='ltr'><strong>prae-</strong></span> 
     </span>
     <span class='ocr_line' id='line_1_20' title="bbox 302 1347 1632 1397; baseline 0 -11"><span class='ocrx_word' id='word_1_147' title='bbox 302 1348 458 1387; x_wconf 85' lang='lat' dir='ltr'><strong>sidium.</strong></span> <span class='ocrx_word' id='word_1_148' title='bbox 519 1350 651 1397; x_wconf 86' lang='lat' dir='ltr'><strong>Quam</strong></span> <span class='ocrx_word' id='word_1_149' title='bbox 686 1348 903 1387; x_wconf 83' lang='lat' dir='ltr'><strong>orationem</strong></span> <span class='ocrx_word' id='word_1_150' title='bbox 938 1361 1028 1386; x_wconf 90' lang='lat' dir='ltr'><strong>cum</strong></span> <span class='ocrx_word' id='word_1_151' title='bbox 1063 1347 1258 1397; x_wconf 81' lang='lat' dir='ltr'><strong>ingressus</strong></span> <span class='ocrx_word' id='word_1_152' title='bbox 1297 1361 1434 1395; x_wconf 86' lang='lat' dir='ltr'><strong>essem,</strong></span> <span class='ocrx_word' id='word_1_153' title='bbox 1473 1348 1632 1387; x_wconf 78' lang='lat' dir='ltr'><strong>Cassius</strong></span> 
     </span>
     <span class='ocr_line' id='line_1_21' title="bbox 303 1413 1633 1463; baseline 0 -12"><span class='ocrx_word' id='word_1_154' title='bbox 303 1414 520 1452; x_wconf 70' lang='lat' dir='ltr'><strong>intervenit.</strong></span> <span class='ocrx_word' id='word_1_155' title='bbox 581 1416 666 1463; x_wconf 74' lang='lat' dir='ltr'><strong>Ego</strong></span> <span class='ocrx_word' id='word_1_156' title='bbox 705 1415 844 1452; x_wconf 86' lang='lat' dir='ltr'><strong>eadem</strong></span> <span class='ocrx_word' id='word_1_157' title='bbox 884 1413 948 1451; x_wconf 89' lang='lat' dir='ltr'><strong>illa</strong></span> <span class='ocrx_word' id='word_1_158' title='bbox 986 1413 1158 1462; x_wconf 88' lang='lat' dir='ltr'><strong>repetivi.</strong></span> <span class='ocrx_word' id='word_1_159' title='bbox 1219 1414 1311 1451; x_wconf 93' lang='lat' dir='ltr'><strong>Hoc</strong></span> <span class='ocrx_word' id='word_1_160' title='bbox 1345 1414 1434 1451; x_wconf 91' lang='lat' dir='ltr'><strong>loco</strong></span> <span class='ocrx_word' id='word_1_161' title='bbox 1468 1413 1633 1451; x_wconf 85' lang='lat' dir='ltr'><strong>fortibus</strong></span> 
     </span>
     <span class='ocr_line' id='line_1_22' title="bbox 303 1477 1631 1530; baseline -0.002 -12"><span class='ocrx_word' id='word_1_162' title='bbox 303 1494 397 1518; x_wconf 86' lang='lat' dir='ltr'><strong>sane</strong></span> <span class='ocrx_word' id='word_1_163' title='bbox 427 1479 550 1517; x_wconf 85' lang='lat' dir='ltr'><strong>oculis</strong></span> <span class='ocrx_word' id='word_1_164' title='bbox 579 1479 738 1518; x_wconf 79' lang='lat' dir='ltr'><strong>Cassius</strong></span> <span class='ocrx_word' id='word_1_165' title='bbox 760 1479 948 1530; x_wconf 85' lang='lat' dir='ltr'><strong>(Martem</strong></span> <span class='ocrx_word' id='word_1_166' title='bbox 970 1478 1114 1528; x_wconf 86' lang='lat' dir='ltr'><strong>spirare</strong></span> <span class='ocrx_word' id='word_1_167' title='bbox 1134 1477 1301 1529; x_wconf 87' lang='lat' dir='ltr'><strong>diceres)</strong></span> <span class='ocrx_word' id='word_1_168' title='bbox 1323 1492 1364 1517; x_wconf 89' lang='lat' dir='ltr'><strong>se</strong></span> <span class='ocrx_word' id='word_1_169' title='bbox 1389 1478 1428 1516; x_wconf 86' lang='lat' dir='ltr'><strong>in</strong></span> <span class='ocrx_word' id='word_1_170' title='bbox 1461 1478 1631 1517; x_wconf 84' lang='lat' dir='ltr'><strong>Siciliam</strong></span> 
     </span>
     <span class='ocr_line' id='line_1_23' title="bbox 304 1543 1632 1595; baseline 0 -12"><span class='ocrx_word' id='word_1_171' title='bbox 304 1560 382 1583; x_wconf 88' lang='lat' dir='ltr'><strong>non</strong></span> <span class='ocrx_word' id='word_1_172' title='bbox 414 1545 568 1583; x_wconf 88' lang='lat' dir='ltr'><strong>iturum.</strong></span> <span class='ocrx_word' id='word_1_173' title='bbox 632 1545 792 1595; x_wconf 79' lang='lat' dir='ltr'><strong>‘Egone</strong></span> <span class='ocrx_word' id='word_1_174' title='bbox 821 1551 863 1582; x_wconf 93' lang='lat' dir='ltr'><strong>ut</strong></span> <span class='ocrx_word' id='word_1_175' title='bbox 893 1543 1130 1582; x_wconf 86' lang='lat' dir='ltr'><strong>beneficium</strong></span> <span class='ocrx_word' id='word_1_176' title='bbox 1160 1543 1400 1593; x_wconf 80' lang='lat' dir='ltr'><strong>accepissem</strong></span> <span class='ocrx_word' id='word_1_177' title='bbox 1432 1553 1632 1583; x_wconf 84' lang='lat' dir='ltr'><strong>contume-</strong></span> 
     </span>
     <span class='ocr_line' id='line_1_24' title="bbox 302 1609 1632 1660; baseline 0.001 -13"><span class='ocrx_word' id='word_1_178' title='bbox 302 1611 447 1648; x_wconf 87' lang='lat' dir='ltr'><strong>liam?&#39;</strong></span> <span class='ocrx_word' id='word_1_179' title='bbox 505 1612 514 1630; x_wconf 84' lang='lat'>‘</span> <span class='ocrx_word' id='word_1_180' title='bbox 533 1609 641 1658; x_wconf 82' lang='lat' dir='ltr'><strong>Quid</strong></span> <span class='ocrx_word' id='word_1_181' title='bbox 673 1623 765 1660; x_wconf 76' lang='lat' dir='ltr'><strong>ergo</strong></span> <span class='ocrx_word' id='word_1_182' title='bbox 793 1609 928 1658; x_wconf 77' lang='lat' dir='ltr'><strong>agis?&#39;</strong></span> <span class='ocrx_word' id='word_1_183' title='bbox 958 1609 1130 1658; x_wconf 89' lang='lat' dir='ltr'><strong>inquam.</strong></span> <span class='ocrx_word' id='word_1_184' title='bbox 1193 1611 1244 1647; x_wconf 85' lang='lat' dir='ltr'><strong>At</strong></span> <span class='ocrx_word' id='word_1_185' title='bbox 1275 1609 1338 1647; x_wconf 91' lang='lat' dir='ltr'><strong>ille</strong></span> <span class='ocrx_word' id='word_1_186' title='bbox 1369 1609 1408 1647; x_wconf 88' lang='lat' dir='ltr'><strong>in</strong></span> <span class='ocrx_word' id='word_1_187' title='bbox 1440 1609 1632 1648; x_wconf 78' lang='lat' dir='ltr'><strong>Achaiam</strong></span> 
     </span>
     <span class='ocr_line' id='line_1_25' title="bbox 302 1674 1633 1725; baseline 0 -12"><span class='ocrx_word' id='word_1_188' title='bbox 302 1690 343 1714; x_wconf 83' lang='lat' dir='ltr'><strong>se</strong></span> <span class='ocrx_word' id='word_1_189' title='bbox 368 1676 522 1713; x_wconf 88' lang='lat' dir='ltr'><strong>iturum.</strong></span> <span class='ocrx_word' id='word_1_190' title='bbox 586 1674 717 1723; x_wconf 85' lang='lat' dir='ltr'><strong>‘Quid</strong></span> <span class='ocrx_word' id='word_1_191' title='bbox 739 1675 801 1711; x_wconf 90' lang='lat' dir='ltr'><strong>tu&#39;</strong></span> <span class='ocrx_word' id='word_1_192' title='bbox 825 1674 986 1723; x_wconf 89' lang='lat' dir='ltr'><strong>inquam</strong></span> <span class='ocrx_word' id='word_1_193' title='bbox 1011 1676 1203 1711; x_wconf 78' lang='lat' dir='ltr'><strong>‘BruteP&#39;</strong></span> <span class='ocrx_word' id='word_1_194' title='bbox 1265 1677 1484 1721; x_wconf 81' lang='lat' dir='ltr'><strong>‘Romam‚⁷</strong></span> <span class='ocrx_word' id='word_1_195' title='bbox 1506 1674 1633 1725; x_wconf 88' lang='lat' dir='ltr'><strong>inquit</strong></span> 
     </span>
     <span class='ocr_line' id='line_1_26' title="bbox 305 1738 1633 1786; baseline -0.001 -8"><span class='ocrx_word' id='word_1_196' title='bbox 305 1740 357 1778; x_wconf 90' lang='lat' dir='ltr'><strong>‘si</strong></span> <span class='ocrx_word' id='word_1_197' title='bbox 380 1740 450 1778; x_wconf 87' lang='lat' dir='ltr'><strong>tibi</strong></span> <span class='ocrx_word' id='word_1_198' title='bbox 471 1740 647 1778; x_wconf 86' lang='lat' dir='ltr'><strong>videtur.&#39;</strong></span> <span class='ocrx_word' id='word_1_199' title='bbox 707 1743 715 1759; x_wconf 93' lang='lat'>‘</span> <span class='ocrx_word' id='word_1_200' title='bbox 732 1738 834 1776; x_wconf 88' lang='lat' dir='ltr'><strong>Mihi</strong></span> <span class='ocrx_word' id='word_1_201' title='bbox 855 1753 946 1776; x_wconf 87' lang='lat' dir='ltr'><strong>vero</strong></span> <span class='ocrx_word' id='word_1_202' title='bbox 968 1738 1154 1786; x_wconf 74' lang='lat' dir='ltr'><strong>minime3</strong></span> <span class='ocrx_word' id='word_1_203' title='bbox 1185 1747 1269 1777; x_wconf 79' lang='lat' dir='ltr'><strong>tuto</strong></span> <span class='ocrx_word' id='word_1_204' title='bbox 1294 1740 1399 1778; x_wconf 86' lang='lat' dir='ltr'><strong>enim</strong></span> <span class='ocrx_word' id='word_1_205' title='bbox 1425 1754 1506 1778; x_wconf 87' lang='lat' dir='ltr'><strong>non</strong></span> <span class='ocrx_word' id='word_1_206' title='bbox 1535 1740 1633 1778; x_wconf 78' lang='lat' dir='ltr'><strong>eris.&#39;</strong></span> 
     </span>
     <span class='ocr_line' id='line_1_27' title="bbox 306 1804 1633 1854; baseline 0 -12"><span class='ocrx_word' id='word_1_207' title='bbox 306 1805 471 1854; x_wconf 84' lang='lat' dir='ltr'><strong>‘Quid?</strong></span> <span class='ocrx_word' id='word_1_208' title='bbox 504 1804 535 1842; x_wconf 84' lang='lat' dir='ltr'><strong>si</strong></span> <span class='ocrx_word' id='word_1_209' title='bbox 564 1817 721 1854; x_wconf 86' lang='lat' dir='ltr'><strong>possem</strong></span> <span class='ocrx_word' id='word_1_210' title='bbox 753 1817 847 1849; x_wconf 86' lang='lat' dir='ltr'><strong>esse,</strong></span> <span class='ocrx_word' id='word_1_211' title='bbox 880 1805 1152 1852; x_wconf 86' lang='lat' dir='ltr'><strong>placeretne?&#39;</strong></span> <span class='ocrx_word' id='word_1_212' title='bbox 1213 1807 1366 1854; x_wconf 69' lang='lat' dir='ltr'><strong>‘Atque</strong></span> <span class='ocrx_word' id='word_1_213' title='bbox 1397 1813 1438 1842; x_wconf 89' lang='lat' dir='ltr'><strong>ut</strong></span> <span class='ocrx_word' id='word_1_214' title='bbox 1469 1804 1633 1843; x_wconf 91' lang='lat' dir='ltr'><strong>omnino</strong></span> 
     </span>
     <span class='ocr_line' id='line_1_28' title="bbox 304 1869 1633 1921; baseline -0.001 -12"><span class='ocrx_word' id='word_1_215' title='bbox 304 1885 433 1921; x_wconf 93' lang='lat' dir='ltr'><strong>neque</strong></span> <span class='ocrx_word' id='word_1_216' title='bbox 467 1883 574 1908; x_wconf 91' lang='lat' dir='ltr'><strong>nunc</strong></span> <span class='ocrx_word' id='word_1_217' title='bbox 608 1883 738 1919; x_wconf 90' lang='lat' dir='ltr'><strong>neque</strong></span> <span class='ocrx_word' id='word_1_218' title='bbox 776 1883 822 1907; x_wconf 82' lang='lat' dir='ltr'><strong>ex</strong></span> <span class='ocrx_word' id='word_1_219' title='bbox 856 1876 1034 1918; x_wconf 89' lang='lat' dir='ltr'><strong>praetura</strong></span> <span class='ocrx_word' id='word_1_220' title='bbox 1068 1869 1106 1906; x_wconf 88' lang='lat' dir='ltr'><strong>in</strong></span> <span class='ocrx_word' id='word_1_221' title='bbox 1142 1869 1382 1919; x_wconf 85' lang='lat' dir='ltr'><strong>provinciam</strong></span> <span class='ocrx_word' id='word_1_222' title='bbox 1423 1869 1520 1917; x_wconf 81' lang='lat' dir='ltr'><strong>ires;</strong></span> <span class='ocrx_word' id='word_1_223' title='bbox 1564 1871 1633 1908; x_wconf 92' lang='lat' dir='ltr'><strong>sed</strong></span> 
     </span>
     <span class='ocr_line' id='line_1_29' title="bbox 302 1934 1634 1985; baseline -0.001 -11"><span class='ocrx_word' id='word_1_224' title='bbox 302 1944 439 1974; x_wconf 82' lang='lat' dir='ltr'><strong>auctor</strong></span> <span class='ocrx_word' id='word_1_225' title='bbox 460 1948 539 1972; x_wconf 87' lang='lat' dir='ltr'><strong>non</strong></span> <span class='ocrx_word' id='word_1_226' title='bbox 567 1948 653 1972; x_wconf 89' lang='lat' dir='ltr'><strong>sum</strong></span> <span class='ocrx_word' id='word_1_227' title='bbox 679 1942 721 1972; x_wconf 91' lang='lat' dir='ltr'><strong>ut</strong></span> <span class='ocrx_word' id='word_1_228' title='bbox 746 1942 783 1972; x_wconf 92' lang='lat' dir='ltr'><strong>te</strong></span> <span class='ocrx_word' id='word_1_229' title='bbox 811 1934 897 1972; x_wconf 85' lang='lat' dir='ltr'><strong>urbi</strong></span> <span class='ocrx_word' id='word_1_230' title='bbox 924 1935 1172 1972; x_wconf 87' lang='lat' dir='ltr'><strong>committas.&#39;</strong></span> <span class='ocrx_word' id='word_1_231' title='bbox 1234 1935 1426 1973; x_wconf 80' lang='lat' dir='ltr'><strong>Dicebam</strong></span> <span class='ocrx_word' id='word_1_232' title='bbox 1458 1949 1503 1974; x_wconf 86' lang='lat' dir='ltr'><strong>ea</strong></span> <span class='ocrx_word' id='word_1_233' title='bbox 1533 1948 1634 1985; x_wconf 86' lang='lat' dir='ltr'><strong>quae</strong></span> 
     </span>
     <span class='ocr_line' id='line_1_30' title="bbox 304 1999 1631 2050; baseline -0.001 -11"><span class='ocrx_word' id='word_1_234' title='bbox 304 2001 373 2039; x_wconf 87' lang='lat' dir='ltr'><strong>tibi</strong></span> <span class='ocrx_word' id='word_1_235' title='bbox 395 2002 571 2050; x_wconf 85' lang='lat' dir='ltr'><strong>profecto</strong></span> <span class='ocrx_word' id='word_1_236' title='bbox 592 2000 631 2037; x_wconf 86' lang='lat' dir='ltr'><strong>in</strong></span> <span class='ocrx_word' id='word_1_237' title='bbox 654 2007 827 2038; x_wconf 87' lang='lat' dir='ltr'><strong>mentem</strong></span> <span class='ocrx_word' id='word_1_238' title='bbox 849 1999 1010 2037; x_wconf 90' lang='lat' dir='ltr'><strong>veniunt</strong></span> <span class='ocrx_word' id='word_1_239' title='bbox 1037 2014 1106 2038; x_wconf 90' lang='lat' dir='ltr'><strong>cur</strong></span> <span class='ocrx_word' id='word_1_240' title='bbox 1127 2014 1206 2039; x_wconf 88' lang='lat' dir='ltr'><strong>non</strong></span> <span class='ocrx_word' id='word_1_241' title='bbox 1228 2008 1330 2039; x_wconf 86' lang='lat' dir='ltr'><strong>esset</strong></span> <span class='ocrx_word' id='word_1_242' title='bbox 1358 2008 1443 2039; x_wconf 90' lang='lat' dir='ltr'><strong>tuto</strong></span> <span class='ocrx_word' id='word_1_243' title='bbox 1470 2002 1631 2038; x_wconf 87' lang='lat' dir='ltr'><strong>futurus.</strong></span> 
     </span>
    </p>
   </div>
   <div class='ocr_carea' id='block_1_7' title="bbox 261 2064 1634 2115">
    <p class='ocr_par' dir='ltr' id='par_1_7' title="bbox 261 2064 1634 2115">
     <span class='ocr_line' id='line_1_31' title="bbox 261 2064 1634 2115; baseline -0.001 -11"><span class='ocrx_word' id='word_1_244' title='bbox 261 2077 285 2104; x_wconf 87' lang='lat'>2</span> <span class='ocrx_word' id='word_1_245' title='bbox 306 2067 437 2104; x_wconf 87' lang='lat' dir='ltr'><strong>Multo</strong></span> <span class='ocrx_word' id='word_1_246' title='bbox 463 2065 556 2102; x_wconf 89' lang='lat' dir='ltr'><strong>inde</strong></span> <span class='ocrx_word' id='word_1_247' title='bbox 583 2078 765 2103; x_wconf 86' lang='lat' dir='ltr'><strong>sermone</strong></span> <span class='ocrx_word' id='word_1_248' title='bbox 792 2065 1057 2114; x_wconf 86' lang='lat' dir='ltr'><strong>querebantur</strong></span> <span class='ocrx_word' id='word_1_249' title='bbox 1082 2072 1201 2114; x_wconf 86' lang='lat' dir='ltr'><strong>atque</strong></span> <span class='ocrx_word' id='word_1_250' title='bbox 1228 2065 1267 2103; x_wconf 88' lang='lat' dir='ltr'><strong>id</strong></span> <span class='ocrx_word' id='word_1_251' title='bbox 1290 2064 1451 2115; x_wconf 89' lang='lat' dir='ltr'><strong>quidem</strong></span> <span class='ocrx_word' id='word_1_252' title='bbox 1476 2065 1634 2104; x_wconf 83' lang='lat' dir='ltr'><strong>Cassius</strong></span> 
     </span>
    </p>
   </div>
   <div class='ocr_carea' id='block_1_8' title="bbox 307 2130 1635 2180">
    <p class='ocr_par' dir='ltr' id='par_1_8' title="bbox 307 2130 1635 2180">
     <span class='ocr_line' id='line_1_32' title="bbox 307 2130 1635 2180; baseline 0.001 -13"><span class='ocrx_word' id='word_1_253' title='bbox 307 2130 483 2176; x_wconf 77' lang='lat' dir='ltr'><strong>maxime,</strong></span> <span class='ocrx_word' id='word_1_254' title='bbox 512 2130 675 2167; x_wconf 85' lang='lat' dir='ltr'><strong>amissas</strong></span> <span class='ocrx_word' id='word_1_255' title='bbox 705 2130 933 2168; x_wconf 85' lang='lat' dir='ltr'><strong>occasiones</strong></span> <span class='ocrx_word' id='word_1_256' title='bbox 966 2130 1257 2180; x_wconf 84' lang='lat' dir='ltr'><strong>Decimumque</strong></span> <span class='ocrx_word' id='word_1_257' title='bbox 1286 2130 1451 2180; x_wconf 85' lang='lat' dir='ltr'><strong>graviter</strong></span> <span class='ocrx_word' id='word_1_258' title='bbox 1480 2143 1635 2168; x_wconf 82' lang='lat' dir='ltr'><strong>accusa-</strong></span> 
     </span>
    </p>
   </div>
   <div class='ocr_carea' id='block_1_9' title="bbox 1658 894 1695 916">
    <p class='ocr_par' dir='ltr' id='par_1_9' title="bbox 1658 894 1695 916">
     <span class='ocr_line' id='line_1_33' title="bbox 1658 894 1695 916; baseline -0.027 0"><span class='ocrx_word' id='word_1_259' title='bbox 1658 894 1695 916; x_wconf 77' lang='lat'><strong>¹0</strong></span> 
     </span>
    </p>
   </div>
   <div class='ocr_carea' id='block_1_10' title="bbox 1656 1559 1694 1580">
    <p class='ocr_par' dir='ltr' id='par_1_10' title="bbox 1656 1559 1694 1580">
     <span class='ocr_line' id='line_1_34' title="bbox 1656 1559 1694 1580; baseline 0 0"><span class='ocrx_word' id='word_1_260' title='bbox 1656 1559 1694 1580; x_wconf 85' lang='lat'><strong>20</strong></span> 
     </span>
    </p>
   </div>
   <div class='ocr_carea' id='block_1_11' title="bbox 1657 1883 1694 1915">
    <p class='ocr_par' dir='ltr' id='par_1_11' title="bbox 1657 1883 1694 1915">
     <span class='ocr_line' id='line_1_35' title="bbox 1657 1883 1694 1915; baseline 0 0"><span class='ocrx_word' id='word_1_261' title='bbox 1657 1883 1694 1915; x_wconf 86' lang='lat'><strong>25</strong></span> 
     </span>
    </p>
   </div>
   <div class='ocr_carea' id='block_1_12' title="bbox 306 2194 1694 2245">
    <p class='ocr_par' dir='ltr' id='par_1_12' title="bbox 306 2194 1694 2245">
     <span class='ocr_line' id='line_1_36' title="bbox 306 2194 1694 2245; baseline -0.001 -13"><span class='ocrx_word' id='word_1_262' title='bbox 306 2196 411 2233; x_wconf 87' lang='lat' dir='ltr'><strong>bant.</strong></span> <span class='ocrx_word' id='word_1_263' title='bbox 457 2197 542 2245; x_wconf 78' lang='lat' dir='ltr'><strong>Ego</strong></span> <span class='ocrx_word' id='word_1_264' title='bbox 563 2196 757 2245; x_wconf 79' lang='lat' dir='ltr'><strong>negabam</strong></span> <span class='ocrx_word' id='word_1_265' title='bbox 779 2203 958 2244; x_wconf 86' lang='lat' dir='ltr'><strong>oportere</strong></span> <span class='ocrx_word' id='word_1_266' title='bbox 978 2195 1195 2244; x_wconf 82' lang='lat' dir='ltr'><strong>praeterita,</strong></span> <span class='ocrx_word' id='word_1_267' title='bbox 1218 2194 1468 2234; x_wconf 85' lang='lat' dir='ltr'><strong>adsentiebar</strong></span> <span class='ocrx_word' id='word_1_268' title='bbox 1489 2202 1631 2233; x_wconf 86' lang='lat' dir='ltr'><strong>tamen.</strong></span> <span class='ocrx_word' id='word_1_269' title='bbox 1655 2207 1694 2238; x_wconf 78' lang='lat'><strong>30</strong></span> 
     </span>
    </p>
   </div>
   <div class='ocr_carea' id='block_1_13' title="bbox 304 2296 1635 2428">
    <p class='ocr_par' dir='ltr' id='par_1_13' title="bbox 304 2296 1635 2428">
     <span class='ocr_line' id='line_1_37' title="bbox 349 2296 1633 2338; baseline 0.002 -10"><span class='ocrx_word' id='word_1_270' title='bbox 349 2309 366 2336; x_wconf 87' lang='lat'><strong>5</strong></span> <span class='ocrx_word' id='word_1_271' title='bbox 392 2299 470 2337; x_wconf 82' lang='lat' dir='ltr'><strong>quin</strong></span> <span class='ocrx_word' id='word_1_272' title='bbox 490 2296 528 2327; x_wconf 52' lang='lat' dir='ltr'><strong>Z!</strong></span> <span class='ocrx_word' id='word_1_273' title='bbox 675 2311 691 2338; x_wconf 93' lang='lat'>7</span> <span class='ocrx_word' id='word_1_274' title='bbox 720 2310 795 2329; x_wconf 83' lang='lat' dir='ltr'><strong>nam</strong></span> <span class='ocrx_word' id='word_1_275' title='bbox 814 2300 914 2329; x_wconf 85' lang='lat' dir='ltr'><strong>silere</strong></span> <span class='ocrx_word' id='word_1_276' title='bbox 932 2300 979 2330; x_wconf 82' lang='lat' dir='ltr'><strong>C:</strong></span> <span class='ocrx_word' id='word_1_277' title='bbox 1005 2311 1071 2331; x_wconf 84' lang='lat' dir='ltr'><strong>om.</strong></span> <span class='ocrx_word' id='word_1_278' title='bbox 1091 2300 1132 2330; x_wconf 91' lang='lat' dir='ltr'><em>M</em></span> <span class='ocrx_word' id='word_1_279' title='bbox 1276 2311 1310 2330; x_wconf 85' lang='lat'><strong>11</strong></span> <span class='ocrx_word' id='word_1_280' title='bbox 1340 2299 1417 2330; x_wconf 89' lang='lat' dir='ltr'><strong>Idus</strong></span> <span class='ocrx_word' id='word_1_281' title='bbox 1428 2299 1564 2330; x_wconf 72' lang='lat' dir='ltr'><strong>Stroth:</strong></span> <span class='ocrx_word' id='word_1_282' title='bbox 1590 2300 1633 2330; x_wconf 90' lang='lat' dir='ltr'><strong>K.</strong></span> 
     </span>
     <span class='ocr_line' id='line_1_38' title="bbox 304 2337 1635 2383; baseline 0.002 -12"><span class='ocrx_word' id='word_1_283' title='bbox 304 2342 354 2371; x_wconf 83' lang='lat' dir='ltr'><strong>vel</strong></span> <span class='ocrx_word' id='word_1_284' title='bbox 372 2342 444 2372; x_wconf 83' lang='lat' dir='ltr'><strong>Kal.</strong></span> <span class='ocrx_word' id='word_1_285' title='bbox 462 2342 549 2373; x_wconf 68' lang='lat' dir='ltr'><em>codd.</em></span> <span class='ocrx_word' id='word_1_286' title='bbox 665 2354 706 2373; x_wconf 81' lang='lat'><strong>20</strong></span> <span class='ocrx_word' id='word_1_287' title='bbox 730 2343 903 2381; x_wconf 81' lang='lat' dir='ltr'><strong>accepisse</strong></span> <span class='ocrx_word' id='word_1_288' title='bbox 921 2343 954 2373; x_wconf 89' lang='lat' dir='ltr'><strong>in</strong></span> <span class='ocrx_word' id='word_1_289' title='bbox 973 2343 1209 2374; x_wconf 83' lang='lat' dir='ltr'><strong>contumeliam</strong></span> <span class='ocrx_word' id='word_1_290' title='bbox 1222 2337 1266 2372; x_wconf 70' lang='lat' dir='ltr'><strong>Zb</strong></span> <span class='ocrx_word' id='word_1_291' title='bbox 1376 2354 1416 2382; x_wconf 85' lang='lat'><strong>24</strong></span> <span class='ocrx_word' id='word_1_292' title='bbox 1436 2347 1511 2383; x_wconf 79' lang='lat' dir='ltr'><strong>post</strong></span> <span class='ocrx_word' id='word_1_293' title='bbox 1526 2343 1635 2382; x_wconf 85' lang='lat' dir='ltr'><strong>place-</strong></span> 
     </span>
     <span class='ocr_line' id='line_1_39' title="bbox 305 2381 1633 2428; baseline 0.003 -14"><span class='ocrx_word' id='word_1_294' title='bbox 305 2390 401 2415; x_wconf 83' lang='lat' dir='ltr'><strong>retne</strong></span> <span class='ocrx_word' id='word_1_295' title='bbox 419 2385 493 2416; x_wconf 79' lang='lat' dir='ltr'><strong>add.</strong></span> <span class='ocrx_word' id='word_1_296' title='bbox 515 2386 664 2425; x_wconf 86' lang='lat' dir='ltr'><strong>placeret</strong></span> <span class='ocrx_word' id='word_1_297' title='bbox 686 2386 874 2426; x_wconf 77' lang='lat' dir='ltr'><strong>lVescnberg</strong></span> <span class='ocrx_word' id='word_1_298' title='bbox 975 2398 1017 2426; x_wconf 88' lang='lat'><strong>29</strong></span> <span class='ocrx_word' id='word_1_299' title='bbox 1041 2387 1241 2418; x_wconf 81' lang='lat' dir='ltr'><strong>accusabant</strong></span> <span class='ocrx_word' id='word_1_300' title='bbox 1258 2381 1312 2417; x_wconf 68' lang='grc' dir='ltr'><strong>ΖΜ</strong></span> <span class='ocrx_word' id='word_1_301' title='bbox 1329 2397 1358 2417; x_wconf 91' lang='lat' dir='ltr'><strong>v.</strong></span> <span class='ocrx_word' id='word_1_302' title='bbox 1377 2398 1399 2417; x_wconf 87' lang='lat' dir='ltr'><strong>c.</strong></span> <span class='ocrx_word' id='word_1_303' title='bbox 1418 2387 1446 2416; x_wconf 95' lang='lat' dir='ltr'><em>L</em></span> <span class='ocrx_word' id='word_1_304' title='bbox 1466 2387 1608 2428; x_wconf 73' lang='lat' dir='ltr'><strong>(nmtg.)</strong></span> <span class='ocrx_word' id='word_1_305' title='bbox 1625 2397 1633 2418; x_wconf 76' lang='grc' dir='ltr'><strong><em>ε</em></strong></span> 
     </span>
    </p>
   </div>
   <div class='ocr_carea' id='block_1_14' title="bbox 303 2429 586 2460">
    <p class='ocr_par' dir='ltr' id='par_1_14' title="bbox 303 2429 586 2460">
     <span class='ocr_line' id='line_1_40' title="bbox 303 2429 586 2460; baseline 0 -1"><span class='ocrx_word' id='word_1_306' title='bbox 303 2429 481 2460; x_wconf 82' lang='lat' dir='ltr'><strong>accusabat</strong></span> <span class='ocrx_word' id='word_1_307' title='bbox 499 2429 586 2460; x_wconf 81' lang='lat' dir='ltr'><strong>codd.</strong></span> 
     </span>
    </p>
   </div>
   <div class='ocr_carea' id='block_1_15' title="bbox 1814 1167 1827 2668">
    <p class='ocr_par' dir='ltr' id='par_1_15' title="bbox 1814 1167 1827 2668">
     <span class='ocr_line' id='line_1_41' title="bbox 1814 1167 1827 2668; baseline 0 0"><span class='ocrx_word' id='word_1_308' title='bbox 1814 1167 1827 2668; x_wconf 95' lang='lat' dir='ltr'><strong> </strong></span> 
     </span>
    </p>
   </div>
  </div>
 </body>
</html>
