1827 2798
146 620 163 652 5

124 946 164 970 10

126 1597 165 1619 20

126 1919 164 1951 25

594 171 706 208 EPP.
738 170 816 207 AD
846 167 1107 207 ATTICVM
1385 165 1503 202 XIII.
1527 174 1557 201 x

223 322 266 358 X
309 323 379 357 Scr.
398 325 432 356 in
453 323 642 356 Tusculano
658 326 740 356 inter
754 335 784 357 a.
804 324 834 356 d.
853 325 956 355 xiiiet
969 324 1007 355 xi
1018 324 1060 355 K.
1082 323 1194 363 Quint.
1213 333 1243 355 a.
1263 332 1322 364 709
1341 321 1420 363 (45).

588 401 760 434 CICERO
788 401 969 432 ATTICO
999 399 1105 432 SAL.

236 481 405 520 Minime
437 480 555 519 miror
585 488 622 518 te
653 488 690 519 et
714 479 878 529 graviter
906 479 1003 517 ferre
1030 479 1082 516 de
1113 478 1303 516 Marcello
1332 483 1370 514 et
1399 476 1510 526 plura
1527 486 1545 513 1

181 547 302 585 vereri
323 545 494 596 pericula
514 558 666 595 genera.
724 543 825 593 Quis
854 543 960 582 enim
980 544 1057 581 hoc
1078 542 1231 580 timeret
1250 541 1361 591 quod
1381 553 1510 590 neque

181 611 377 650 acciderat
396 618 513 648 antea
539 623 613 648 nec
632 609 839 647 videbatur
862 615 1001 645 natura
1021 608 1117 645 ferre
1146 613 1188 644 ut
1216 605 1395 644 accidere
1425 618 1512 655 pos—

182 678 272 715 set?
328 674 476 714 Omnia
495 674 609 724 igitur
630 674 853 712 metuenda.
910 673 990 711 Sed
1011 672 1107 710 illud
1127 673 1227 721 παρὰ
1246 671 1313 719 τὴν
1334 671 1510 720 ἱστορίαν,

181 749 224 780 tu
253 739 492 791 praesertim,
525 752 588 777 me
618 738 811 788 reliquum
842 738 1099 775 consularem.
1126 781 1129 784 ⁴
1159 735 1299 785 Quid?
1328 735 1399 774 tibi
1430 737 1513 774 Ser-

181 805 266 844 vius
304 805 401 855 quid
440 804 624 843 videtur?
679 804 934 852 Quamquam
973 803 1050 840 hoe
1089 802 1236 839 nullam
1275 802 1325 839 ad
1361 808 1511 850 partem

181 872 284 909 valet
313 869 472 916 seilicet,
504 868 601 907 mihi
630 867 856 919 praesertim
885 866 953 917 qui
978 880 1059 905 non
1086 865 1216 904 minus
1247 866 1350 904 bene
1379 873 1512 903 actum

183 949 275 974 cum
308 934 381 973 illis
413 942 560 984 putem.
630 932 741 981 Quid
769 931 877 970 enim
913 944 1048 969 sumus
1081 938 1148 968 aut
1174 929 1276 980 quid
1310 943 1395 968 esse
1426 943 1514 980 pos-

183 1002 350 1039 sumus?
379 998 518 1038 domin
540 1012 592 1036 an
620 997 742 1036 foris?
797 997 921 1045 Quod
949 995 1023 1033 nisi
1053 995 1148 1032 mihi
1178 996 1254 1032 hoc
1275 994 1446 1032 venisset
1472 994 1512 1032 in

183 1073 357 1103 mentem
388 1063 557 1102 scribere
587 1062 662 1101 ista
691 1061 825 1100 nescio
860 1073 972 1110 quae,
1006 1073 1085 1110 quo
1119 1067 1309 1098 verterem
1338 1073 1401 1098 me
1431 1072 1511 1097 non

182 1131 379 1169 haberem.

235 1196 301 1233 Ad
333 1194 593 1240 Dolabellam,
618 1199 662 1230 ut
684 1190 835 1239 scribis,
859 1190 912 1229 ita
937 1198 1034 1241 puto
1063 1189 1301 1236 faciendum,
1325 1190 1511 1239 κοινότερα
1528 1201 1554 1230 2

183 1261 378 1310 quaedam
410 1266 448 1297 et
481 1258 756 1308 πολιτικώτερα,
830 1255 1073 1294 Faciendum
1107 1263 1212 1293 certe
1242 1254 1392 1305 aliquid
1426 1262 1484 1293 est
1501 1269 1511 1302 3

181 1326 295 1363 valde
327 1323 432 1362 enim
464 1322 671 1362 desiderat.
732 1324 875 1360 Brutus
913 1320 945 1359 si
982 1319 1080 1370 quid
1114 1319 1245 1370 egerit,
1277 1319 1431 1358 curabis
1470 1326 1512 1357 ut
1532 1327 1556 1365 3

183 1389 330 1437 sciam3
371 1388 433 1427 cui
472 1388 635 1438 quidem
666 1400 786 1437 quam
821 1385 991 1436 primum
1029 1386 1227 1434 agendum
1266 1392 1374 1434 puto,
1408 1397 1512 1434 prae-

183 1454 315 1493 sertim
346 1453 378 1492 si
411 1453 555 1492 statuit.
624 1452 927 1490 Sermunculum
959 1449 1064 1488 enim
1096 1462 1255 1487 omnem
1285 1457 1352 1487 aut
1381 1449 1514 1487 restin-

182 1518 277 1557 xerit
305 1526 373 1557 aut
399 1518 553 1557 sedarit.
612 1519 711 1556 Sunt
735 1515 839 1554 enim
869 1514 937 1564 qui
964 1516 1175 1564 loquantur
1194 1513 1312 1552 etiam
1342 1527 1510 1552 mecum.

183 1585 261 1622 Sed
282 1585 379 1622 haec
401 1583 484 1633 ipse
505 1582 667 1633 optime,
689 1580 917 1632 praesertim
938 1579 970 1617 si
991 1579 1108 1617 etiam
1129 1586 1261 1616 tecum
1282 1580 1472 1628 loquetur.

238 1648 340 1687 Mihi
373 1656 432 1687 est
463 1648 504 1686 in
536 1647 671 1686 animo
705 1645 899 1696 proficisci
931 1657 975 1682 xx
1012 1645 1100 1682 Kal.
1161 1643 1241 1682 Hic
1275 1643 1380 1681 enim
1415 1643 1512 1681 nihil

182 1715 311 1753 habeo
332 1715 441 1764 quod
466 1727 592 1764 agam,
614 1726 665 1751 ne
692 1713 850 1750 hercule
872 1710 949 1749 illic
979 1709 1139 1760 quidem
1160 1722 1234 1747 nec
1254 1722 1420 1758 usquam
1442 1710 1512 1747 sed

182 1786 315 1818 tamen
347 1779 497 1829 aliquid
531 1778 619 1816 illic.
681 1777 818 1815 Hodie
858 1776 1107 1826 Spintherem
1144 1781 1341 1824 exspecto.
1401 1773 1512 1812 Misit

183 1844 289 1882 enim
320 1846 462 1882 Brutus
491 1845 542 1883 ad
572 1857 646 1881 me.
706 1844 780 1880 Per
799 1841 945 1879 litteras
972 1847 1110 1890 purgat
1140 1840 1349 1879 Caesarem
1379 1840 1429 1878 de
1458 1838 1513 1876 in—

183 1908 298 1947 teritu
329 1908 534 1956 Marcelli3
573 1908 614 1947 in
644 1921 764 1958 quem
791 1920 841 1945 ne
872 1906 903 1944 si
933 1905 1085 1944 insidiis
1116 1904 1277 1954 quidem
1307 1904 1371 1942 ille
1400 1903 1514 1942 inter-

184 1975 307 2012 fectus
346 1981 448 2011 esset
485 1974 643 2011 caderet
681 1973 760 2010 ulla
796 1971 979 2021 suspicio.
1049 1972 1169 2008 Nunc
1203 1983 1295 2008 vero
1333 1982 1423 2007 eum
1462 1970 1513 2007 de

186 2038 320 2087 Magio
346 2045 511 2084 constet,
543 2050 676 2075 nonne
701 2038 805 2074 furor
831 2035 915 2074 eius
937 2043 1288 2073 causam·omnem
1315 2032 1514 2072 sustinet?

186 2104 306 2140 Plane
338 2102 434 2151 quid
464 2101 513 2139 sit
544 2115 625 2139 non
657 2100 851 2149 intellego.
912 2099 1150 2149 Explanabis
1182 2098 1306 2148 igitur.
1365 2100 1514 2147 Quam·

185 2180 304 2216 quam
325 2166 422 2204 nihil
442 2167 571 2204 habeo
591 2167 701 2215 quod
722 2164 900 2203 dubitem
922 2164 996 2202 nisi
1016 2163 1089 2213 ipsi
1120 2163 1256 2213 Magio
1277 2176 1378 2213 quae
1398 2162 1511 2202 fuerit

230 2280 246 2308 7
272 2280 374 2300 unum
392 2273 465 2300 ante
481 2280 533 2299 me
550 2268 663 2298 addere
678 2267 748 2299 vult
766 2267 955 2307 ll'esenbetg
1035 2277 1074 2297 10
1098 2277 1173 2297 esse
1190 2277 1255 2298 om.
1276 2266 1387 2297 Moser
1475 2276 1508 2296 11

186 2314 297 2344 domin
317 2313 377 2344 M:
402 2313 535 2344 domine
552 2310 605 2342 M²
704 2313 742 2341 16
766 2312 873 2351 egerit
891 2315 914 2342 Σ
930 2322 960 2342 v.
978 2321 1001 2342 c.
1021 2310 1149 2341 ZAnt.
1169 2310 1234 2342 FI:
1261 2321 1326 2342 om.
1346 2316 1374 2341 Δ
1468 2320 1509 2349 23

184 2357 307 2396 aliquid
326 2356 412 2387 Crat.
425 2368 452 2387 v.
467 2367 489 2387 c.
505 2356 533 2386 L
553 2356 689 2396 (κακῇς.)
710 2354 754 2384 Z‘*
770 2367 776 2384 τ
799 2365 866 2387 om.
885 2357 938 2385 ΣΔ
1029 2354 1120 2385 Misit
1137 2355 1226 2385 enim
1244 2355 1285 2385 ad
1303 2364 1366 2385 me.
1386 2353 1510 2385 Brutus

185 2411 244 2439 per
260 2401 337 2431 coni.
352 2400 435 2430 Boot
521 2410 562 2438 24
587 2399 694 2440 enim]
711 2398 812 2429 etiam
828 2398 907 2429 coni.
928 2397 1030 2428 Orelli
