1827 2798
172 150 292 188 XIII.
312 160 341 187 x
671 149 726 186 M.
759 148 928 185 TVLLI
959 147 1265 186 CICERONIS

306 275 423 300 causa
443 260 638 299 amentiae
657 274 666 306 3
695 272 766 309 pro
787 272 867 309 quo
887 259 1049 309 quidem
1065 258 1183 297 etiam
1204 271 1371 309 sponsor
1391 271 1478 296 sum
1498 259 1634 297 faetus.

308 329 360 365 Et
382 326 566 364 nimirum
588 325 629 363 id
650 324 732 362 fuit.
793 325 994 363 Solvendo
1014 324 1120 363 enim
1141 338 1223 363 non
1243 330 1334 362 erat.
1395 324 1526 363 Credo
1547 337 1637 362 eum

307 391 450 442 petisse
476 403 499 428 a
526 390 717 428 Marcello
741 388 892 439 aliquid
921 396 960 428 et
989 389 1111 436 illurn,
1133 392 1226 428 *taut
1255 391 1371 436 erat†‚
1395 387 1639 427 constantius

306 455 566 506 respondisse.

351 563 417 598 XI
580 565 651 598 Ser.
671 565 706 597 in
723 566 890 607 Arpinati
900 566 936 597 ix
951 566 993 597 K.
1016 566 1131 606 Quint.
1151 576 1180 597 α.
1203 575 1262 607 709
1282 564 1365 608 (45).
1662 570 1679 602 5

716 643 889 674 CICERO
919 643 1099 674 ATTICO
1128 641 1235 674 SAL.

274 733 289 760 1
365 721 374 738 ‘
389 719 443 756 Οὐ
463 717 596 756 ταύτὸν
616 716 732 757 εἶδος]
790 716 1013 755 Credebam
1034 729 1120 754 esse
1144 715 1281 763 facile3
1311 721 1438 753 totum
1460 720 1518 752 est
1537 712 1645 752 aliud

309 790 446 834 postea
467 796 586 833 quam
608 796 695 821 sum
716 795 739 820 a
759 789 798 820 te
818 780 1039 820 diiunctior.
1099 781 1177 819 Sed
1205 779 1277 818 fuit
1297 778 1524 818 faciendum
1544 786 1586 817 ut
1607 785 1645 816 et

310 848 590 887 constituerem
622 848 865 886 mercedulas
894 845 1142 896 praediorum
1178 853 1216 883 et
1247 859 1299 883 ne
1326 857 1514 894 magnum
1545 856 1645 882 onus

312 913 584 953 observantiae
615 915 738 951 Bruto
768 918 902 950 nostro
929 910 1184 961 imponerem.
1245 910 1415 948 Posthac
1445 907 1551 947 enim
1580 920 1647 957 po·
1669 922 1708 945 10

314 979 474 1018 terimus
504 977 754 1017 commodius
785 978 913 1015 colere
947 975 1047 1014 inter
1080 989 1151 1014 nos
1183 974 1223 1013 in
1254 975 1494 1013 Tusculano.
1554 974 1648 1010 Hoc

315 1052 446 1083 autem
478 1051 665 1093 tempore,
695 1056 786 1080 cum
813 1041 876 1081 ille
907 1055 970 1079 me
1001 1040 1146 1079 cotidie
1177 1040 1310 1079 videre
1339 1041 1465 1085 vellet,
1496 1051 1568 1088 ego
1597 1037 1649 1075 ad

316 1110 425 1147 illum
454 1109 506 1147 ire
534 1122 615 1147 non
640 1121 808 1158 possem,
831 1107 1055 1157 privabatur
1081 1105 1190 1144 omni
1218 1105 1480 1145 delectatione
1500 1106 1650 1142 Tuscu-

274 1186 298 1213 2
317 1174 405 1213 lani.
476 1176 538 1212 Tu
566 1173 681 1224 igitur
715 1172 746 1211 si
776 1172 937 1211 Servilia
961 1171 1120 1218 venerit,
1153 1171 1184 1209 si
1216 1173 1359 1208 Brutus
1390 1170 1486 1220 quid
1516 1168 1647 1219 egerit,

317 1239 434 1278 etiam
456 1239 487 1277 si
508 1238 753 1277 constituerit
773 1238 935 1288 quando
964 1236 1133 1283 obviam,
1157 1236 1348 1287 quicquid
1376 1235 1549 1285 denique
1580 1233 1650 1273 erit
1674 1247 1710 1279 15

318 1306 426 1355 quod
457 1304 554 1342 scire
584 1317 647 1342 me
677 1310 856 1353 oporteat
886 1302 1041 1341 scribes.
1102 1302 1299 1349 Pisonem,
1323 1300 1354 1339 si
1381 1300 1537 1351 poteris,
1561 1312 1652 1337 con-

317 1370 461 1409 venies.
520 1369 644 1408 Vides
672 1382 792 1419 quam
820 1376 1016 1406 maturum
1047 1367 1105 1406 sit.
1165 1368 1244 1406 Sed
1265 1375 1397 1405 tamen
1419 1366 1528 1416 quod
1549 1377 1653 1403 com-

321 1436 441 1474 modo
462 1442 530 1472 tuo
552 1435 628 1472 fiat.

363 1546 455 1581 XII
587 1547 658 1580 Ser.
675 1548 709 1578 in
726 1547 889 1588 Arpinati
902 1547 960 1578 viii
972 1546 1015 1577 K.
1037 1545 1152 1586 Quint.
1170 1556 1200 1577 a.
1223 1555 1282 1586 709
1302 1544 1385 1587 (45).

728 1623 900 1654 CICERO
930 1622 1111 1654 ATTICO
1139 1621 1245 1654 SAL.
1676 1626 1715 1648 20

285 1708 302 1734 1
376 1697 502 1735 Valde
524 1709 587 1734 me
608 1696 904 1734 memorderunt
930 1694 1120 1745 epistulae
1148 1702 1238 1733 tuae
1265 1695 1315 1733 de
1342 1692 1475 1732 Attica
1498 1698 1630 1730 nostra
1645 1705 1655 1739 ;

321 1763 485 1800 eaedem
506 1768 639 1799 tamen
660 1768 905 1799 sanaverunt.
965 1761 1087 1809 Quod
1108 1759 1213 1798 enim
1236 1767 1273 1797 te
1294 1758 1377 1809 ipse
1398 1757 1654 1797 consolabare

321 1827 472 1866 eisdem
504 1826 651 1873 litteris,
693 1825 734 1864 id
773 1825 870 1863 mihi
909 1832 990 1863 erat
1021 1824 1113 1863 satis
1148 1825 1304 1862 firmum
1337 1825 1389 1862 ad
1428 1823 1654 1862 leniendam

321 1893 618 1944 aegritudinem.

279 1972 304 1998 2
379 1958 625 2009 Ligarianam
645 1959 843 2009 praeclare
864 1957 1086 1996 vendidisti.
1155 1958 1326 1995 Posthac
1347 1956 1537 2007 quicquid
1568 1954 1656 1994 scri-
1677 1968 1715 2001 ²5

283 2037 306 2075 3
326 2037 440 2075 psero
461 2024 531 2062 tibi
552 2024 807 2074 praeconium
829 2025 1013 2062 deferam.
1073 2024 1196 2072 Quod
1222 2024 1273 2062 ad
1303 2036 1367 2061 me
1398 2023 1449 2061 de
1479 2024 1657 2060 Varrone

374 2139 385 2158 1
413 2138 558 2167 sponsor
575 2138 646 2159 sum
660 2128 780 2158 factus.
799 2128 840 2158 Et
855 2127 943 2159 Crat.
957 2138 986 2157 v.
1001 2138 1023 2158 c.
1038 2126 1067 2156 L
1085 2125 1228 2168 (marg.)
1243 2124 1287 2156 ΖΙ)
1304 2138 1310 2157 z
1327 2136 1531 2166 sponsorum
1549 2125 1658 2156 factus

325 2177 358 2203 et
377 2171 550 2202 MEO'R:
587 2182 734 2211 sponsor
761 2171 866 2202 sactus
895 2176 929 2201 et
956 2169 1040 2200 0²8:
1074 2180 1220 2209 sponsor
1249 2171 1343 2201 Sunii
1371 2170 1477 2200 sactus
1503 2173 1553 2199 est
1576 2169 1655 2199 coni.

326 2216 446 2246 Bosz'zts
461 2227 467 2246 :
492 2226 639 2255 sponsor
658 2215 838 2246 Marcellus
856 2215 963 2245 factus
980 2220 1071 2245 esset
1087 2213 1211 2244 Muller
1294 2223 1314 2252 3
1340 2219 1375 2244 ut
1393 2218 1465 2244 erat
1482 2217 1660 2243 cunctator

325 2260 452 2289 lentius
476 2260 553 2289 coni.
572 2259 680 2290 Boot:
705 2264 740 2289 ut
765 2264 836 2289 erat
861 2263 1032 2297 constans,
1059 2258 1258 2288 offirmatius
1280 2258 1331 2289 vel
1350 2257 1457 2288 simile
1477 2256 1558 2296 qnid
1577 2255 1657 2286 coni.

327 2302 467 2332 Mz'illcr:
492 2308 527 2333 ut
544 2308 628 2339 erat,
647 2303 858 2333 constantius
875 2302 977 2342 vulg.y
993 2301 1051 2332 sed
1067 2302 1103 2341 cf
1125 2301 1200 2332 adn.
1221 2301 1269 2332 ad
1282 2302 1378 2332 Fam.
1397 2301 1453 2330 xii.
1475 2311 1517 2331 20
1638 2310 1658 2337 4

328 2347 547 2385 respondisse
566 2346 664 2376 Rom.
680 2347 699 2375 I
710 2347 815 2386 vulg:
836 2346 998 2386 ppndisse
1011 2344 1052 2374 M
1066 2349 1103 2375 ut
1117 2345 1262 2376 videtur:
1283 2344 1509 2385 perpendisse
1524 2342 1659 2372 Baiter:

328 2390 546 2464 gprlpndisse
565 2389 643 2420 coni.
661 2388 785 2420 Mz‘zllcr
902 2398 939 2427 13
964 2389 1183 2428 privabamur
1202 2388 1303 2419 Orelli
1410 2397 1451 2426 25
1477 2385 1660 2417 venditasti

362 2444 393 2463 ιϊ
416 2445 425 2463 z
