1827 2798
189 137 236 174 X.
261 135 337 173 xiii
609 136 665 173 M.
697 134 865 172 TVLLI
897 132 1203 172 CICERONIS

330 325 447 361 XIII
582 327 652 358 Scr.
672 327 706 357 in
727 326 882 358 Cumano
898 326 985 358 Non.
1005 326 1087 358 Mai.
1109 337 1141 359 a.
1161 337 1216 367 705
1232 326 1320 368 (49).

701 420 874 451 CICERO
896 420 929 450 A
940 420 1077 451 TTICO
1100 419 1208 452 SAL.

253 511 269 537 1
340 498 518 549 Epistula
531 505 598 536 tua
609 497 827 548 gratissima
840 497 911 536 fuit
925 511 1036 536 meae
1044 497 1197 535 Tulliae
1210 505 1248 536 et
1262 511 1325 536 me
1338 498 1496 536 hercule
1511 497 1617 535 mihi.

288 566 451 614 Semper
482 565 682 613 speculam
712 563 884 612 aliquam
914 563 1095 602 adferunt
1125 570 1216 601 tuae
1245 562 1404 601 litterae.
1466 562 1619 601 Scribes

289 628 402 679 igitur
422 642 467 666 ac
488 628 518 665 si
540 628 635 678 quid
655 629 706 666 ad
731 641 842 677 spem
869 628 1014 678 poteris
1041 642 1091 666 ne
1117 627 1321 666 dimiseris.
1381 629 1444 665 Tu
1469 626 1620 665 Antoni
1640 641 1657 671 5

289 695 423 732 leones
447 693 699 743 pertimescas
727 706 831 730 cave.
892 693 1001 730 Nihil
1028 700 1085 731 est
1113 692 1180 731 illo
1207 692 1369 731 homine
1397 691 1618 730 iucundius.

289 759 465 796 Attende
498 759 630 807 πρᾶξιν
666 761 868 795 πολιτικοῦ.
943 757 1132 796 Evocavit
1171 757 1306 796 litteris
1341 771 1362 795 e
1398 755 1621 806 municipiis

291 824 430 861 decem
454 822 600 872 primos
627 830 665 861 et
687 822 867 861 1111viros.
927 824 1132 861 Venerunt
1151 823 1202 861 ad
1223 822 1354 860 villam
1383 821 1466 860 eius
1493 835 1619 859 mane.

292 887 467 925 Primum
501 887 660 926 dormiit
693 889 744 926 ad
778 889 814 926 h.
853 900 911 934 111,
946 887 1102 934 deinde,
1137 901 1228 926 cum
1262 894 1364 925 esset
1398 886 1621 924 nuntiatum

291 952 444 991 venisse
484 953 768 1002 Neapolitanos
808 961 845 991 et
885 954 1088 992 Cumanos
1128 952 1204 1004 (his
1237 952 1342 990 enim
1382 959 1439 990 est
1479 953 1623 990 Caesar
1646 968 1683 990 10

291 1016 439 1067 iratus),
463 1017 650 1067 postridie
671 1018 795 1056 redire
821 1017 956 1064 iussit3
985 1017 1102 1055 lavari
1128 1031 1169 1056 se
1195 1019 1295 1056 velle
1321 1024 1359 1055 et
1383 1017 1465 1067 περὶ
1493 1020 1624 1055 κοιλιο-

291 1083 617 1135 λυσίανγίνεσθαι.
661 1084 753 1121 Hoc
770 1084 862 1120 here
876 1082 1014 1121 effecit.
1058 1082 1194 1122 Hodie
1210 1090 1341 1120 autem
1359 1081 1398 1119 in
1413 1081 1622 1120 Aenariam

293 1147 454 1186 transire
489 1147 690 1186 constituit
725 1154 770 1185 ut
800 1147 998 1186 exsulibus
1028 1147 1196 1186 reditum
1228 1147 1486 1197 polliceretur.
1546 1147 1624 1184 Sed

295 1214 393 1252 haec
415 1213 653 1260 omittamus,
677 1214 726 1251 de
748 1212 862 1251 nobis
882 1213 1031 1262 aliquid
1052 1226 1224 1262 agamus.

254 1285 278 1312 2
351 1279 414 1316 Ab
437 1278 537 1316 Axio
557 1277 691 1327 accepi
713 1277 868 1315 litteras.
930 1279 991 1315 De
1011 1277 1159 1315 Tirone
1178 1285 1341 1327 gratum.
1394 1275 1624 1314 Vettienum
1651 1289 1684 1320 15

296 1343 426 1392 diligo.
487 1342 669 1380 Vestorio
696 1342 860 1380 reddidi.
921 1341 1075 1380 Servius
1104 1355 1159 1391 pr.
1187 1343 1325 1379 Nonas
1356 1340 1483 1378 Maias
1516 1342 1626 1378 Men-

294 1407 417 1446 turnis
446 1407 634 1445 mansisse
662 1406 813 1453 dicitur,
843 1406 962 1445 hodie
989 1406 1028 1444 in
1057 1406 1261 1444 Liternino
1288 1419 1493 1443 mansurus
1520 1406 1626 1455 apud

296 1474 340 1512 C.
378 1473 621 1510 Marcellum.
695 1472 790 1510 Cras
825 1471 939 1521 igitur
977 1484 1049 1509 nos
1089 1478 1239 1509 mature
1272 1470 1421 1509 videbit
1452 1469 1626 1519 mihique

296 1537 405 1576 dabit
427 1543 699 1585 argumentum
721 1537 772 1574 ad
797 1543 835 1574 te
860 1535 1060 1585 epistulae.
1121 1538 1206 1574 Iam
1234 1535 1339 1574 enim
1368 1549 1448 1573 non
1477 1534 1627 1584 reperio

296 1603 405 1652 quod
435 1601 505 1639 tibi
540 1601 719 1639 scribam.
779 1602 883 1639 Illud
912 1600 1083 1639 admiror
1112 1601 1220 1650 quod
1248 1600 1445 1638 Antonius
1479 1601 1529 1638 ad
1565 1613 1627 1638 me
1649 1612 1688 1633 20

298 1681 347 1706 ne
378 1666 560 1704 nuntium
588 1666 761 1715 quidem,
789 1680 878 1703 cum
909 1665 1135 1715 praesertim
1166 1679 1229 1703 me
1259 1666 1372 1703 valde
1402 1664 1625 1702 observarit.

296 1731 493 1770 Videlicet
527 1730 676 1781 aliquid
710 1730 879 1769 atrocius
911 1732 961 1769 de
993 1745 1057 1768 me
1088 1730 1322 1780 imperatum
1354 1737 1423 1768 est.
1484 1730 1627 1768 Coram

297 1810 439 1846 negare
469 1795 565 1833 mihi
597 1809 677 1833 non
707 1797 798 1842 vult,
831 1797 939 1844 quod
969 1809 1042 1845 ego
1072 1808 1145 1833 nec
1175 1802 1376 1844 rogaturus
1407 1807 1512 1832 eram
1543 1807 1626 1840 nec,

299 1862 329 1899 si
364 1861 646 1911 impetrassem,
683 1860 910 1899 crediturus.
971 1862 1056 1898 Nos
1091 1868 1222 1898 tamen
1256 1859 1404 1909 aliquid
1440 1859 1630 1908 excogita-

257 1926 440 1969 3bimus.
513 1927 587 1972 Tu,
624 1939 782 1975 quaeso,
824 1925 854 1962 si
894 1924 989 1975 quid
1028 1925 1067 1962 in
1109 1924 1324 1974 Hispaniis.
1399 1926 1483 1962 Iam
1523 1924 1628 1962 enim
1651 1935 1688 1966 25

301 1990 442 2041 poterit
475 1990 601 2029 audiri
632 1998 669 2028 et
704 2003 842 2028 omnes
873 1989 925 2027 ita
959 1997 1186 2039 exspectant
1217 1997 1268 2036 ut,
1302 1989 1331 2027 si
1364 1996 1468 2027 recte
1503 1988 1626 2034 fuerit,

300 2056 395 2093 nihil
430 2055 562 2105 negoti
597 2056 769 2092 futurum
801 2061 950 2104 putent.
1012 2056 1097 2104 Ego
1130 2061 1262 2092 autem
1293 2067 1365 2092 nec
1395 2053 1554 2092 retentis
1584 2053 1629 2091 iis

299 2122 521 2159 confectam
543 2134 624 2159 rem
649 2128 745 2170 puto
773 2133 902 2169 neque
929 2119 1081 2157 amissis
1109 2120 1366 2169 desperatam.
1427 2118 1563 2157 Silium
1591 2125 1629 2156 et

343 2236 360 2262 4
387 2226 555 2264 speculam
574 2225 653 2257 mni.
672 2225 776 2255 Boot:
803 2234 916 2254 secum
936 2223 976 2253 M
1079 2224 1202 2263 aliquid
1220 2223 1241 2252 I
1254 2223 1351 2253 Rom.
1369 2235 1374 2254 :
1401 2223 1512 2260 aliqua
1533 2222 1634 2251 Orelli

304 2279 341 2307 13
367 2274 400 2298 ut
418 2269 493 2299 add.
515 2268 632 2299 Lamb.
747 2268 969 2307 polliceretur
993 2266 1118 2297 M¹W=
1153 2267 1332 2306 pollicetur
1354 2267 1443 2306 vulg.
1502 2265 1629 2296 Locum

299 2314 344 2342 ita
362 2312 446 2342 dant
460 2312 530 2342 edd.
545 2312 688 2352 plerique
706 2312 891 2342 constituit.
951 2311 1132 2341 Exsulibus
1156 2311 1298 2341 reditum
1319 2310 1499 2350 pollicetur
1591 2318 1629 2347 15

298 2357 340 2386 ab
359 2355 449 2386 Axio
467 2356 553 2396 vulg.
573 2367 579 2386 ε
604 2366 622 2386 a
641 2356 749 2385 Daxio
766 2354 826 2385 M:
849 2366 867 2385 a
886 2355 926 2393 Q.
945 2354 1033 2384 Axio
1051 2355 1207 2384 Bz'iclzcler
