1827 2798
596 169 707 207 EPP.
742 169 819 206 AD
850 167 1110 206 ATTICVM
1369 166 1488 203 XIII.
1513 164 1638 201 xxvii

181 279 269 317 set?
308 277 420 317 Totis
441 277 554 329 igitur
575 279 709 317 litteris
730 278 826 316 nihil
848 292 947 329 opus
968 286 1036 317 est.
1079 276 1159 315 Vbi
1179 276 1284 316 enirn
1307 276 1507 328 ἐπίτευγμα

181 357 367 394 magnum
398 346 550 382 nullum
583 344 664 382 fieri
698 344 831 394 possit,
866 345 1079 395 ἀπότευγμα
1112 344 1173 380 vel
1204 355 1285 380 non
1320 354 1506 392 magnum

180 410 389 447 molestum
412 411 584 448 futurum
613 409 675 457 sit,
694 409 791 459 quid
817 422 916 459 opus
945 417 1002 447 est
1028 408 1374 458 παρακινδυνεύειν.)
1402 419 1507 457 prae-

180 473 312 512 sertim
333 488 423 512 cum
445 474 540 512 illud
561 482 748 520 occurrat,
772 473 893 520 illum,
911 487 1001 511 curn
1022 481 1138 511 antea
1157 472 1254 510 nihil
1276 471 1504 522 scripserim,

140 553 158 586 5
179 538 488 577 existimaturum
510 552 573 576 me
597 538 671 576 nisi
698 545 782 575 toto
810 538 913 575 bello
940 539 1122 575 confecto
1149 537 1247 574 nihil
1274 536 1505 586 scripturum

179 602 307 640 fuisse.
367 604 499 652 Atque
526 603 642 641 etiam
664 615 798 640 vereor
819 615 868 639 ne
889 609 998 651 putet
1024 615 1085 640 me
1113 602 1189 639 hoc
1211 600 1322 650 quasi
1344 600 1506 640 Catonis

178 669 358 720 μείλιγμα
377 681 462 706 esse
482 667 662 705 voluisse.
723 666 831 715 Quid
853 666 1035 716 quaeris?
1064 667 1177 704 valde
1198 679 1261 704 me
1281 665 1506 715 paenitebat

179 746 253 771 nec
274 732 370 771 mihi
390 732 430 770 in
450 733 523 770 hac
545 731 706 782 quidem
733 745 773 769 re
799 731 1012 781 quicquam
1040 729 1162 781 magis
1183 737 1225 768 ut
1245 731 1384 768 veliem
1409 729 1507 767 acci-

180 799 272 836 dere
292 797 419 848 potuit
440 811 557 847 quam
580 797 688 847 quod
713 798 856 845 σπουδὴ
877 804 1009 834 nostra
1029 809 1109 834 non
1130 803 1188 834 est
1208 795 1382 845 probata.
1446 796 1506 832 In-

120 876 161 900 10
180 863 410 901 cidissemus
431 862 548 901 etiam
570 862 609 900 in
631 862 728 910 illos,
750 861 790 900 in
810 862 865 900 eis
887 861 926 899 in
946 869 1158 911 cognatum
1179 868 1302 899 tuum.

234 929 312 966 Sed
332 929 450 966 redeo
470 929 521 965 ad
548 929 693 965 hortos.
755 929 875 965 Plane
902 926 992 964 illuc
1017 934 1055 964 te
1082 926 1135 964 ire
1164 925 1239 963 nisi
1266 932 1335 963 tuo
1363 938 1506 974 magno
1527 937 1551 964 2

180 994 394 1031 commodo
421 994 539 1040 nolo,
568 992 665 1030 nihil
695 992 800 1031 enim
831 1000 950 1041 urget.
1010 990 1214 1040 Quicquid
1240 990 1322 1037 erit,
1345 1003 1505 1039 operam

179 1059 221 1096 in
255 1058 420 1096 Faberio
458 1072 663 1108 ponamus.
725 1060 786 1095 De
824 1057 889 1095 die
928 1065 1059 1094 tamen
1097 1055 1302 1101 auctionis,
1340 1055 1371 1092 si
1409 1054 1506 1104 quid

179 1122 288 1161 scies.
349 1124 451 1160 Eum
480 1122 547 1171 qui
574 1136 595 1160 e
625 1123 808 1161 Cumano
835 1127 1004 1167 venerat,
1028 1120 1136 1169 quod
1164 1127 1204 1157 et
1233 1120 1349 1169 plane
1378 1120 1506 1157 valere

122 1203 158 1234 15
179 1186 351 1225 Atticam
386 1186 593 1225 nuntiabat
627 1193 665 1225 et
696 1185 840 1225 litteras
876 1198 916 1224 se
948 1185 1092 1223 habere
1121 1183 1260 1230 aiebat,
1294 1182 1423 1221 statim
1452 1184 1505 1221 ad

178 1260 216 1290 te
240 1265 338 1290 mlsi.

219 1398 424 1434 XXVIII
469 1402 539 1434 Ser.
558 1403 590 1433 z‘n
614 1402 798 1433 Tusculano
814 1401 860 1431 vii
872 1400 914 1433 K.
935 1400 1010 1431 Iun.
1031 1410 1062 1431 a.
1084 1409 1142 1440 709
1162 1398 1244 1440 (45).

580 1488 750 1521 CICERO
779 1488 959 1519 ATTICO
994 1487 1102 1519 SAL.

233 1582 383 1619 Hortos
411 1580 599 1631 quoniam
627 1579 747 1618 hodie
774 1592 857 1617 eras
878 1578 1134 1627 inspecturus,
1159 1575 1254 1626 quid
1280 1574 1407 1613 visum
1434 1574 1504 1613 tibi
1523 1586 1540 1613 1

120 1662 159 1685 20
178 1644 225 1684 sit
259 1660 342 1684 cras
381 1645 539 1684 scilicet.
600 1648 661 1684 De
696 1644 862 1683 Faberio
900 1651 1043 1688 autem,
1080 1655 1171 1679 cum
1210 1640 1369 1679 venerit.
1444 1642 1548 1679 De2

177 1712 343 1762 epistula
363 1714 413 1751 ad
434 1714 654 1759 Caesarem,
678 1711 804 1750 iurato
834 1710 931 1749 mihi
958 1711 1085 1757 crede,
1108 1723 1189 1747 non
1215 1722 1402 1759 possum3
1432 1722 1505 1748 nec

177 1791 240 1815 me
266 1776 468 1827 turpitudo
495 1778 677 1823 deterret,
697 1775 768 1814 etsi
799 1775 967 1813 maxime
996 1774 1178 1813 debebat.
1238 1775 1371 1823 Quam
1398 1773 1504 1812 enim

177 1841 298 1892 turpis
332 1849 390 1880 est
422 1841 655 1888 adsentatio,
689 1854 779 1879 cum
814 1839 942 1878 vivere
975 1839 1103 1889 ipsum
1134 1845 1247 1888 turpe
1281 1838 1329 1876 sit
1363 1838 1504 1876 nobis!

177 1908 266 1953 Sed,
300 1914 342 1945 ut
375 1906 498 1956 coepi,
533 1920 614 1944 non
653 1920 716 1944 me
754 1907 831 1944 hoc
869 1913 981 1955 turpe
1020 1905 1198 1942 deterret.
1272 1904 1331 1941 Ac
1363 1904 1502 1941 vellem

117 1985 155 2017 25
178 1971 338 2020 quidem
369 1972 512 2018 (essem
543 1971 647 2010 enim
679 1970 746 2020 qui
780 1984 864 2008 esse
895 1968 1124 2018 debebam),
1153 1969 1222 2006 sed
1257 1967 1297 2005 in
1329 1975 1501 2006 mentem

178 2036 273 2074 nihil
311 2036 427 2075 venit.
498 2037 601 2074 Nam
637 2049 737 2085 quae
776 2043 866 2073 sunt
903 2036 953 2072 ad
988 2035 1256 2072 Alexandrum
1295 2032 1501 2070 hominum

176 2100 446 2150 eloquentium
476 2108 514 2139 et
543 2101 750 2138 doctorum
782 2098 982 2137 suasiones
1010 2097 1118 2136 vides
1147 2097 1290 2147 quibus
1318 2096 1357 2133 in
1387 2096 1503 2134 rebus

176 2172 386 2204 versentur.
451 2166 759 2202 Adulescentem
795 2163 998 2201 incensum
1034 2162 1249 2212 cupiditate
1280 2160 1503 2200 verissimae

175 2230 330 2279 gloriae,
353 2230 576 2280 cupientem
602 2229 674 2268 sibi
701 2228 849 2278 aliquid
877 2227 1014 2266 consili
1036 2227 1118 2265 dari
1143 2227 1251 2276 quod
1272 2228 1322 2265 ad
1344 2227 1501 2264 laudem

117 2309 156 2340 30
176 2295 454 2345 sempiternam
487 2296 643 2341 valeret,
675 2295 927 2332 cohortantur
965 2293 1015 2330 ad
1055 2293 1187 2330 decus.
1258 2292 1351 2328 Non
1391 2292 1501 2328 deest

219 2411 239 2440 ’ζ
262 2405 335 2431 ante
358 2400 456 2431 valde
481 2400 557 2431 add.
591 2411 658 2430 non
686 2399 815 2429 Scln'clre
966 2409 1003 2428 10
1029 2398 1061 2427 in
1093 2398 1183 2437 (ante
1207 2394 1404 2435 cognatum>
1432 2393 1500 2425 secl.

181 2444 367 2483 Wesenbmg
477 2454 514 2483 13
539 2443 571 2473 in
589 2443 616 2473 L
637 2444 778 2485 (marg.)
796 2442 911 2473 codices
927 2442 1027 2472 Bosi:
1051 2451 1117 2471 om.
1137 2439 1225 2471 codd.
1337 2448 1373 2476 14
1399 2435 1500 2479 Eum]

177 2487 312 2519 Erotem
330 2482 453 2519 Sclzatz
