1827 2798
577 167 688 204 EPP.
721 166 799 203 AI)
828 163 1087 203 ATTICVM
1383 161 1502 198 XIII.
1526 170 1587 197 xx

170 277 358 329 Δεδῆχθαι
378 284 416 315 te
436 289 475 314 eo
494 277 652 322 nollem,
675 276 784 326 quod
811 275 907 313 nihil
931 281 1022 313 erat.
1082 274 1222 312 Redeo
1243 271 1347 311 enim
1369 284 1498 310 rursus

169 345 322 382 eodem.
382 341 660 391 Quicquamne
690 354 753 379 me
778 348 892 391 putas
922 353 1055 377 curare
1075 338 1140 376 *rin
1165 342 1285 384 toto‚†
1307 336 1381 375 nisi
1402 344 1443 374 ut
1463 335 1499 374 ei

168 422 219 446 ne
242 407 401 446 desim?
458 407 505 445 Id
535 419 609 455 ago
638 405 785 443 scilicet
815 413 857 443 ut
886 404 1030 442 iudicia
1053 403 1186 442 videar
1206 411 1348 441 tenere.
1411 401 1499 450 ιΜὴ

167 475 239 525 γὰρ
268 472 466 512 αὐτοῖς-3
522 472 676 508 Vellem
707 478 786 507 tam
816 469 1033 508 domestica
1066 470 1163 506 ferre
1192 481 1349 518 possem
1380 480 1499 516 quam

131 546 148 576 5
169 537 242 576 ista
273 544 537 575 contemnere.
597 536 716 572 Putas
749 542 881 572 autem
913 547 976 571 me
1007 533 1176 571 voluisse
1209 532 1358 581 aliquid
1391 532 1500 581 quod

168 603 385 652 perfectum
419 613 500 638 non
533 599 618 637 sit?
674 600 766 637 Non
799 599 888 636 licet
922 598 1070 636 scilicet
1101 596 1335 635 sententiam
1375 609 1496 634 suam.

169 667 248 705 Sed
277 674 409 703 tamen
440 678 541 714 quae
569 672 653 702 tum
682 671 769 701 acta
799 671 888 701 sunt
918 676 998 700 non
1028 675 1189 712 possum
1219 675 1299 700 non
1334 661 1500 711 probare

168 738 207 769 et
239 738 372 768 tamen
406 743 488 767 non
522 742 655 767 curare
694 729 855 778 pulchre
886 740 1058 777 possum,
1097 725 1210 764 sicuti
1249 725 1361 764 facio.
1421 726 1499 764 Sed

168 794 335 833 nimium
357 795 480 832 multa
499 795 550 832 de
569 793 693 842 nugis.

112 955 150 978 10
212 939 323 974 XXI
499 940 566 973 Scr.
587 941 734 971 Asturae
749 941 780 970 iv
795 940 838 971 K.
857 939 945 971 Sext.
965 950 995 971 a.
1015 949 1075 979 709
1093 939 1174 980 (45).

576 1027 747 1059 CICERO
777 1027 957 1058 ATTICO
985 1026 1090 1058 SAL.

223 1120 288 1157 Ad
328 1118 503 1156 Hirtium
543 1117 729 1155 dederam
768 1115 975 1164 epistulam
1021 1128 1114 1152 sane
1152 1114 1340 1164 grandem
1379 1127 1497 1163 quam
1519 1126 1534 1152 1

169 1184 398 1233 scripseram
432 1180 608 1231 proxime
645 1179 685 1216 in
719 1181 956 1217 Tusculano.
1018 1178 1126 1216 Huic
1165 1192 1283 1228 quam
1322 1185 1363 1216 tu
1403 1178 1498 1216 mihi

170 1247 307 1285 misisti
328 1246 538 1285 rescribam
558 1244 662 1282 alias.
723 1245 841 1282 Nunc
864 1244 940 1282 alia
962 1245 1077 1282 malo.
1137 1243 1245 1292 Quid
1266 1256 1427 1293 possum
1449 1244 1498 1281 de
1518 1255 1541 1282 2

114 1324 149 1355 15
170 1314 383 1362 Torquato,
412 1310 487 1348 nisi
515 1309 664 1359 aliquid
692 1323 715 1346 a
745 1309 982 1347 Dolabella?
1038 1309 1159 1357 Quod
1189 1307 1304 1346 simul
1330 1321 1386 1354 ac,
1409 1321 1499 1346 con-

169 1377 280 1416 tinuo
301 1376 440 1414 scietis.
501 1375 790 1424 Exspectabam
814 1373 934 1412 hodie
960 1381 1027 1411 aut
1053 1387 1252 1411 summum
1277 1386 1360 1410 cras
1380 1373 1431 1410 ab
1452 1386 1498 1410 eo

169 1441 418 1489 tabellarios;
461 1440 529 1491 qui
567 1440 682 1478 simul
720 1453 766 1477 ac
803 1438 990 1485 venerint,
1027 1438 1230 1476 mittentur
1266 1439 1317 1476 ad
1356 1445 1403 1475 te.
1464 1439 1499 1474 A

170 1507 321 1556 Quinto
342 1514 537 1556 exspecto.
598 1504 854 1543 Proficiscens
881 1503 986 1542 enirn
1007 1517 1028 1541 e
1049 1504 1275 1541 Tusculano
1296 1515 1370 1540 V111
1395 1503 1496 1547 Kal„

169 1579 211 1610 ut
232 1571 317 1618 scis,
341 1570 428 1609 misi
448 1572 499 1609 ad
520 1584 610 1609 eum
632 1568 864 1607 tabellarios.

113 1658 153 1681 20
224 1638 342 1674 Nunc
375 1637 426 1674 ad
457 1649 540 1674 rem
574 1643 616 1673 ut
649 1635 819 1680 redeam,
853 1633 1074 1672 ‘inhibere’
1104 1632 1201 1671 illud
1231 1640 1353 1679 tuum,
1390 1632 1498 1682 quod
1517 1640 1541 1678 3

169 1703 283 1740 valde
312 1700 408 1739 mihi
437 1700 633 1746 adriserat‚
656 1701 910 1738 vehementer
937 1698 1128 1749 displicet.
1189 1700 1259 1735 Est
1289 1696 1394 1735 enim
1420 1710 1500 1735 ver-

171 1761 414 1804 bumtotum
435 1765 648 1803 nauticum.
710 1765 964 1814 Quamquam
992 1763 1032 1802 id
1053 1763 1214 1813 quidem
1236 1762 1408 1800 sciebam
1430 1763 1500 1800 sed

171 1831 384 1870 arbitrabar
403 1829 583 1868 sustineri
604 1842 732 1867 remos
749 1843 839 1867 cum
861 1828 1039 1867 inhibere
1059 1835 1189 1866 essent
1210 1827 1373 1877 remiges
1394 1827 1497 1865 iussi.

174 1897 222 1934 Id
250 1909 329 1934 non
357 1909 442 1933 esse
469 1895 551 1933 eius
576 1894 685 1932 modi
712 1893 833 1932 didici
862 1893 945 1932 heri
975 1907 1066 1931 cum
1089 1893 1140 1931 ad
1166 1892 1298 1930 villam
1328 1900 1499 1930 nostram

115 1975 152 2006 25
173 1959 282 1997 navis
319 1960 588 2009 appelleretur.
648 1959 740 1996 Non
779 1957 885 1996 enim
924 1957 1117 1995 sustinent
1156 1958 1225 1995 sed
1263 1956 1340 1995 alio
1379 1958 1500 1995 modo

220 2072 232 2091 1
269 2071 310 2091 eo
341 2059 417 2091 add.
449 2060 636 2100 Wesenberg
838 2070 857 2089 2
882 2060 914 2089 in
945 2060 1117 2099 Torquato
1149 2059 1290 2090 Mz'c‘ller:
1328 2059 1362 2089 in
1394 2059 1500 2089 Bruto

172 2104 344 2135 Schmidt:
372 2104 407 2134 in
427 2105 493 2133 vita
512 2103 540 2132 L
560 2103 702 2141 (matja)
719 2114 724 2133 :
758 2103 791 2132 in
817 2103 889 2133 soro
909 2103 1027 2133 Orelli:
1056 2105 1089 2133 in
1108 2108 1210 2133 totum
1230 2102 1438 2142 lVeseztbeag:
1467 2103 1499 2133 id

174 2154 280 2178 totum
297 2147 383 2177 Reid
468 2147 515 2188 ei]
534 2147 614 2176 mihi
634 2145 785 2176 Wieland
932 2156 952 2185 3
977 2147 1149 2176 hominum
1168 2146 1291 2176 iudicia
1308 2145 1336 2175 L
1358 2150 1497 2186 (marg.)

173 2193 193 2221 6
219 2189 423 2230 perfectum]
443 2200 505 2229 per
523 2200 559 2220 se
581 2195 709 2220 rectum
732 2188 810 2219 coni.
829 2189 913 2218 Boot
1059 2194 1134 2230 post
1155 2200 1248 2219 suam
1273 2189 1350 2220 add.
1371 2194 1500 2219 mutare

178 2234 387 2274 lVesenberg:
411 2244 468 2273 ego
490 2233 663 2263 subaudire
685 2233 764 2262 dare
790 2232 907 2261 malim
1070 2233 1275 2263 sententiam
1299 2233 1499 2263 suam-sed

174 2283 288 2308 tamen
307 2301 313 2307 .
332 2301 339 2308 .
362 2301 368 2308 .
387 2287 453 2306 non
479 2286 616 2315 possum
640 2275 897 2314 non—probare
927 2275 1052 2315 Tyrrcll
1177 2278 1196 2306 8
1221 2277 1349 2317 tamen]
1379 2276 1499 2306 samam

172 2320 324 2351 Albrecht
426 2330 463 2358 14
487 2319 551 2349 alia
568 2330 595 2349 v.
613 2330 635 2349 c.
656 2323 697 2350 Σ;
723 2318 806 2348 alias
832 2319 905 2348 O³A
1006 2329 1044 2357 15
1069 2319 1168 2349 simul
1194 2325 1295 2358 atque
1321 2320 1499 2350 obtinuero

173 2365 260 2394 scies
296 2364 374 2393 coni,
407 2363 512 2393 Boot:
550 2362 651 2393 simul
682 2373 719 2392 ac
751 2363 883 2392 venerit
916 2363 967 2401 (ex
997 2363 1156 2392 venerint
1187 2362 1206 2394 l.
1242 2363 1308 2404 17),
1339 2364 1499 2393 continuo

173 2407 288 2437 scietis
311 2406 396 2436 Reid
543 2407 582 2436 18
601 2409 676 2445 post
692 2405 818 2444 Quinto
834 2404 910 2436 add.
928 2416 1062 2445 quoque
1079 2405 1255 2437 Lehmann
1387 2416 1429 2445 23
1453 2407 1500 2436 in—

172 2450 289 2481 hibere
308 2449 499 2480 Corradus:
523 2449 586 2479 -eri
606 2448 647 2479 M
