1827 2798
155 147 250 186 XII.
269 147 396 184 xxxii
637 148 693 184 M,
726 146 895 184 TVLLI
927 144 1233 184 CICERONIS

273 258 370 297 nihil
391 271 489 308 opus
510 265 578 295 est.
628 256 784 305 Quibus
804 263 936 294 autem
957 255 997 294 in
1017 256 1080 295 via
1099 264 1230 296 utatur
1247 257 1359 297 dorni
1379 266 1470 297 sunt
1489 260 1600 310 plura

273 337 392 374 quam
413 335 512 372 opus
532 329 623 368 erat,
646 322 755 371 quod
776 321 894 360 etiam
914 328 956 359 tu
976 320 1265 362 animadvertis.

313 469 516 505 XXXIII
584 473 655 506 Ser.
674 473 823 505 Asturae
838 474 884 504 vii
896 473 940 505 K.
960 473 1044 514 Apr.
1064 484 1093 506 a.
1116 484 1174 516 709
1194 473 1276 518 (45).

674 560 847 592 CICERO
878 560 1061 593 ATTICO
1091 561 1200 596 SAL.

235 662 253 689 1
326 652 423 700 Ego,
446 658 489 689 ut
516 650 599 688 heri
625 651 676 689 ad
703 658 741 688 te
766 650 915 700 scripsi,
940 650 971 688 si
999 658 1037 689 et
1061 651 1176 690 Silius
1206 651 1238 691 is
1268 651 1382 691 fuerit
1412 666 1531 704 quem
1559 660 1603 693 tu
1623 663 1640 696 5

271 723 385 766 putas
406 729 479 754 nec
502 717 654 753 Drusus
674 715 828 753 facilem
850 729 891 753 se
918 716 1149 765 praebuerit,
1175 717 1464 768 Damasippum
1484 717 1603 757 velim

270 780 507 830 adgrediare.
570 782 619 826 Is,
649 780 799 829 opinor,
830 780 883 818 ita
909 780 1028 829 partis
1053 780 1143 819 fecit
1171 780 1211 819 in
1237 781 1320 832 ripa
1343 783 1478 822 nescio
1508 797 1604 833 quo-

273 853 453 884 tenorum
484 845 661 895 iugerum
691 852 733 882 ut
763 852 867 882 certa
895 844 1019 894 pretia
1052 845 1332 895 constitueret,
1372 860 1474 896 quae
1505 847 1603 886 mihi

274 918 369 949 nota
390 924 471 949 non
492 918 593 948 sunt.
655 909 809 948 Scribes
830 910 881 947 ad
902 923 966 947 me
986 909 1102 959 igitur
1118 910 1308 960 quicquid
1328 911 1462 960 egeris.

228 985 252 1012 2
326 977 593 1014 Vehementer
631 988 695 1013 me
734 974 915 1013 sollicitat
948 974 1104 1012 Atticae
1142 983 1298 1013 nostrae
1336 977 1521 1015 valetudo
1558 984 1602 1016 ut
1623 992 1663 1016 10

272 1054 404 1079 verear
424 1041 542 1079 etiam
563 1054 613 1078 ne
634 1054 735 1090 quae
762 1042 878 1090 culpa
902 1040 960 1078 sit.
1020 1041 1098 1078 Sed
1125 1048 1164 1078 et
1190 1041 1407 1091 paedagogi
1427 1041 1602 1092 probitas

272 1114 309 1144 et
340 1105 483 1144 medici
512 1105 728 1144 adsiduitas
749 1113 787 1143 et
808 1113 890 1143 tota
909 1107 1051 1143 domus
1072 1105 1112 1142 in
1133 1105 1241 1143 omni
1265 1119 1407 1155 genere
1435 1106 1602 1157 diligens

272 1185 335 1210 me
356 1184 485 1209 rursus
507 1170 547 1209 id
575 1170 758 1221 suspicari
782 1178 896 1209 vetat.
957 1171 1061 1210 Cura
1080 1169 1195 1220 igitur
1210 1184 1222 1219 ,·
1249 1172 1361 1222 plura
1386 1171 1492 1210 enim
1519 1186 1601 1211 non

270 1250 443 1287 possum.

311 1342 510 1378 XXXIV
599 1344 669 1377 Scr.
686 1344 831 1375 Asturae
846 1346 883 1375 iii
894 1345 936 1376 K.
956 1345 1043 1386 Apr.
1063 1356 1092 1377 a.
1115 1355 1174 1386 709
1193 1344 1274 1386 (45).
1621 1354 1659 1386 15

674 1415 846 1446 CICERO
876 1414 1058 1446 ATTICO
1087 1414 1194 1447 SAL.

235 1507 252 1533 1
325 1496 412 1544 Ego
431 1493 495 1532 hic
515 1494 576 1531 vel
601 1492 685 1531 sine
709 1492 820 1533 Sicca
841 1492 995 1543 (Tironi
1022 1492 1126 1531 enim
1155 1492 1294 1531 melius
1321 1493 1395 1544 est)
1417 1492 1601 1533 facillime

270 1573 427 1610 possem
458 1573 543 1598 esse
571 1567 613 1597 ut
637 1559 676 1596 in
702 1559 813 1596 malis
844 1559 924 1605 sed,
944 1572 1066 1608 quom
1091 1558 1236 1597 scribas
1257 1558 1474 1597 videndum
1504 1559 1602 1597 mihi

269 1639 354 1663 esse
386 1639 433 1663 ne
463 1624 671 1675 opprimar,
698 1638 745 1663 ex
772 1637 851 1674 quo
875 1623 1099 1674 intellegam
1129 1631 1167 1662 te
1192 1631 1342 1662 certum
1370 1624 1477 1662 diem
1497 1624 1600 1662 illius

268 1690 521 1740 profectionis
551 1704 632 1728 non
662 1690 816 1736 habere,
849 1689 982 1739 putavi
1012 1702 1097 1727 esse
1126 1689 1376 1727 commodius
1406 1703 1470 1728 me
1499 1689 1598 1727 istuc
1620 1704 1663 1726 20

268 1755 424 1802 venire,
455 1756 562 1804 quod
583 1755 689 1792 idem
706 1754 822 1792 video
844 1754 913 1792 tibi
934 1755 1097 1803 placere.
1159 1755 1255 1793 Cras
1268 1754 1383 1804 igitur
1402 1753 1442 1792 in
1464 1754 1599 1793 Siccae

270 1819 507 1857 suburbano.
569 1820 680 1864 Inde,
714 1832 831 1867 quem
864 1819 915 1856 ad
949 1819 1114 1856 modum
1147 1820 1299 1866 suades,
1334 1826 1430 1868 puto
1465 1832 1527 1856 me
1559 1818 1600 1857 in

226 1893 250 1920 2
271 1883 466 1922 Ficulensi
491 1885 582 1923 fore.
643 1882 798 1932 Quibus
819 1884 869 1921 de
890 1883 1005 1921 rebus
1026 1884 1077 1921 ad
1098 1897 1161 1921 me
1189 1883 1386 1934 scripsisti,
1410 1883 1599 1933 quoniam

267 1949 350 1999 ipse
371 1948 496 1994 venio,
520 1962 650 1987 coram
674 1948 906 1986 videbimus.
966 1950 1095 1986 Tuam
1124 1948 1286 1998 quidem
1311 1956 1348 1987 et
1369 1949 1409 1987 in
1436 1948 1599 1998 agendis

268 2014 410 2052 nostris
444 2014 560 2052 rebus
595 2022 633 2052 et
668 2014 708 2052 in
749 2014 921 2052 consiliis
960 2013 1144 2052 ineundis
1177 2013 1352 2063 mihique
1382 2013 1523 2051 dandis
1558 2012 1597 2051 in
1620 2027 1659 2059 ²5

268 2079 361 2129 ipsis
383 2079 517 2118 litteris
539 2093 635 2129 quas
657 2080 777 2118 mittis
803 2079 1133 2127 benevolentiam,
1154 2079 1407 2129 diligentiam,
1431 2080 1599 2129 pruden-

227 2151 250 2188 3
270 2143 362 2181 tiam
394 2144 555 2183 mirifice
580 2145 710 2195 diligo.
770 2146 833 2182 Tu
855 2152 986 2182 tamen
1014 2143 1046 2182 si
1073 2143 1169 2194 quid
1196 2157 1287 2182 cum
1317 2143 1422 2190 Silio,
1446 2145 1506 2181 vel
1531 2143 1597 2182 illo

119 2193 229 2277 §3³va
268 2208 355 2259 ipso
379 2209 443 2248 die
468 2223 548 2259 quo
578 2211 628 2248 ad
660 2209 812 2248 Siccam
843 2217 1029 2247 venturus
1056 2222 1133 2256 ero,
1166 2208 1371 2247 certiorem
1396 2222 1459 2247 me
1479 2208 1597 2247 velim

315 2325 327 2345 1
355 2319 406 2344 est
423 2314 532 2354 vulga
558 2315 600 2344 sit
619 2313 678 2344 M:
704 2314 768 2343 erit
790 2312 982 2353 lVesenbetg
1046 2313 1098 2343 via
1115 2312 1221 2344 Pius:
1246 2312 1301 2343 illa
1317 2310 1368 2342 M¹
1459 2322 1479 2342 2
1503 2312 1593 2353 erat]

268 2358 330 2388 erit
347 2358 536 2397 l‘Vcsenbetg
637 2357 891 2387 animadvertes
901 2357 980 2387 coni.
1000 2355 1190 2395 lVesenberg
1294 2365 1332 2394 19
1357 2354 1594 2395 intellegebam

269 2401 369 2432 Orelli
499 2411 539 2439 24
565 2400 600 2430 in
618 2400 692 2431 add.
710 2404 780 2431 velt.
914 2410 955 2439 25
981 2404 1013 2430 et
1026 2403 1103 2440 post
1119 2399 1240 2430 dandis
1256 2398 1333 2430 add.
1350 2397 1436 2429 Reid
