1827 2798
598 149 710 188 EPP.
742 150 820 187 AD
849 150 1108 190 ATTICVM
1394 150 1513 188 XIII.
1535 150 1596 189 vii

224 276 315 312 VII
463 280 532 313 Ser.
549 282 582 312 in
605 282 792 314 Tusculano
808 293 827 313 v
843 283 894 314 Id.
911 283 987 314 Iun.
1009 295 1040 314 α.
1063 294 1121 325 7⁰9
1140 284 1221 325 (45).

588 371 758 402 CICERO
786 371 965 402 ATTICO
996 371 1102 403 SAL.

235 456 382 496 Sestius
413 459 521 507 apud
552 471 616 496 me
646 458 718 496 fuit
749 466 787 496 et
819 460 1105 509 Theopompus
1136 459 1272 510 pridie.
1342 460 1508 501 Venisse
1532 464 1579 505 (1)

180 535 203 560 a
233 522 401 561 Caesare
428 523 608 561 narrabat
632 523 776 561 litteras
791 537 801 571 3
831 524 907 561 hoc
938 523 1116 572 scribere,
1141 525 1214 563 sibi
1244 532 1393 563 certum
1425 540 1510 565 esse

145 596 160 627 5
182 587 336 624 Romae
378 600 535 625 manere
575 600 814 636 causamque
854 600 941 625 eam
981 587 1174 626 ascribere
1213 602 1314 638 quae
1352 596 1432 627 erat
1471 590 1510 627 in

182 652 347 702 epistula
367 660 509 699 nostra,
527 666 577 691 ne
603 666 644 691 se
664 653 827 691 absente
848 654 951 703 leges
980 667 1072 692 suae
1095 656 1391 704 neglegerentur
1412 654 1511 694 sicut

182 725 283 756 esset
305 719 482 768 neglecta
498 718 739 768 sumptuaria
752 718 827 770 (est
849 721 1004 772 εὔλογον
1018 719 1139 769 idque
1156 733 1261 758 eram
1278 720 1508 770 suspicatus.

183 783 260 820 Sed
290 781 371 820 istis
399 796 484 820 mos
510 784 704 833 gerendus
731 791 799 830 est,
823 783 897 822 nisi
923 785 1052 834 placet
1073 785 1175 822 hanc
1203 784 1328 834 ipsam
1357 793 1511 824 senten-

183 847 276 885 tiam
297 861 369 886 nos
390 848 599 899 persequi),
623 856 661 887 et
688 851 900 887 Lentulum
928 863 1019 888 cum
1048 851 1211 888 Metella
1239 857 1343 889 certe
1372 850 1511 890 fecisse

126 925 164 948 10
184 913 406 951 divortium.
467 915 581 952 Haec
608 914 743 952 omnia
763 922 805 952 tu
826 914 976 953 melius.
1037 915 1245 953 Rescribes
1270 915 1385 965 igitur
1406 916 1511 965 quic-

184 978 280 1028 quid
301 980 419 1025 voles,
437 980 533 1017 dum
554 979 675 1017 modo
695 979 854 1029 aliquid.
907 981 992 1017 Iam
1014 980 1119 1017 enim
1141 994 1222 1018 non
1244 980 1394 1030 reperio
1416 980 1511 1030 quid

184 1050 222 1080 te
248 1043 524 1093 rescripturum
553 1051 699 1093 putem,
722 1043 796 1082 nisi
820 1045 918 1082 forte
945 1045 995 1082 de
1017 1046 1189 1082 Mustela
1220 1052 1286 1082 aut
1317 1044 1348 1082 si
1375 1045 1510 1084 Silium

183 1106 335 1146 videris.

226 1252 318 1288 VII
334 1265 359 1288 a
476 1256 546 1289 Ser.
567 1258 600 1288 in
624 1257 808 1289 thsculano
824 1258 856 1289 iv
871 1257 922 1289 Id.
941 1258 1016 1290 Iun.
1037 1269 1068 1289 a.
1090 1269 1149 1300 709
1167 1258 1249 1300 (45).

128 1348 164 1380 15
591 1344 759 1376 CICERO
787 1344 969 1377 ATTICO
998 1345 1102 1377 SAL.

238 1435 381 1472 Brutus
410 1434 493 1473 heri
519 1434 625 1473 venit
654 1434 693 1472 in
723 1436 994 1473 Tusculanum
1023 1442 1112 1485 post
1141 1436 1278 1473 horam
1300 1434 1506 1474 decimam.
1531 1440 1646 1482 (v112‘,

186 1499 323 1538 Hodie
352 1499 467 1550 igitur
495 1514 558 1538 me
579 1500 728 1538 videbit
754 1514 799 1539 ac
823 1502 964 1538 vellem
995 1508 1079 1538 tum
1109 1508 1150 1538 tu
1179 1501 1348 1538 adesses.
1409 1499 1510 1538 Iussi

185 1565 369 1615 equidem
402 1566 437 1604 ei
471 1566 640 1604 nuntiari
674 1573 722 1613 te,
755 1568 887 1615 quoad
919 1566 1122 1616 potuisses,
1153 1573 1398 1615 exspectasse
1430 1565 1511 1604 eius

185 1632 398 1669 adventum
428 1639 716 1681 venturumque
745 1631 777 1669 si
810 1631 985 1669 audisses
1020 1644 1174 1680 meque,
1208 1637 1251 1668 ut
1280 1630 1394 1678 facio,
1423 1644 1513 1668 con-

129 1711 168 1733 20
186 1695 296 1734 tinuo
316 1704 355 1734 te
376 1696 581 1735 certiorem
603 1710 687 1735 esse
708 1697 912 1734 facturum.

228 1845 345 1880 VIII
467 1846 534 1880 Scr.
553 1849 587 1878 in
608 1847 793 1878 Tusculano
809 1848 843 1877 vi
856 1847 903 1879 Id.
924 1847 1000 1878 Iun.
1020 1857 1050 1878 a.
1073 1856 1131 1887 709
1150 1846 1231 1888 (45).

592 1935 760 1966 CICERO
790 1933 972 1965 ATTICO
1001 1933 1106 1966 SAL.

242 2026 363 2062 Plane
388 2024 486 2062 nihil
515 2032 596 2062 erat
620 2025 729 2074 quod
754 2025 805 2062 ad
832 2031 870 2061 te
900 2023 1109 2061 scriberem
1128 2036 1138 2070 ς
1167 2023 1289 2060 modo
1310 2020 1415 2059 enim
1442 2020 1517 2059 dis—

189 2102 359 2127 cesseras
399 2096 436 2127 et
474 2091 592 2138 paulo
631 2096 719 2138 post
757 2088 917 2137 triplicis
952 2088 1164 2125 remiseras.
1234 2086 1366 2124 Velim
1404 2098 1516 2124 cures

132 2167 169 2197 25
191 2153 418 2191 fasciculum
445 2155 496 2191 ad
517 2153 740 2191 Vestorium
771 2153 1028 2191 deferendum
1058 2159 1096 2189 et
1125 2150 1271 2201 aliquoi
1301 2152 1370 2189 des
1401 2163 1512 2199 nego-

190 2218 289 2257 tium
304 2218 371 2268 qui
386 2225 556 2267 quaerat.
606 2219 653 2266 Q.
671 2216 822 2256 Staberi
842 2218 987 2255 fundus
1001 2230 1096 2254 num
1113 2215 1200 2266 quis
1214 2215 1254 2253 in
1270 2214 1516 2265 Pompeiano

237 2333 271 2353 11
298 2323 424 2362 aliquid
442 2321 557 2352 Lamb.
575 2333 581 2351 :
608 2321 731 2360 nequid
746 2320 803 2350 M:
829 2320 908 2360 quid
926 2320 1037 2350 Baiter
1125 2320 1211 2358 quod
1228 2319 1359 2349 Ernesti
1480 2328 1517 2348 12

190 2367 254 2396 nisi
273 2370 363 2398 vett.;
385 2366 414 2396 si
432 2365 473 2394 M
548 2365 576 2395 si
592 2365 628 2395 I:
654 2376 716 2395 om.
738 2362 778 2393 M
893 2374 930 2402 17
958 2363 1042 2393 Iussi
1062 2357 1252 2394 CZIORP:
1277 2362 1343 2394 nisi
1360 2361 1421 2392 M:
1447 2362 1518 2392 misi

190 2421 206 2440 s
225 2410 312 2442 Crat.
401 2411 443 2440 26
465 2409 581 2440 stateri
601 2408 663 2450 (vel
677 2408 808 2449 staleri)
826 2406 867 2438 M
881 2419 888 2439 :
914 2408 939 2438 F
941 2407 1043 2438 aberii
1060 2407 1149 2447 vulg.

1367 2460 1428 2491 29*
