1827 2798
160 141 207 178 X.
232 139 278 176 iv
627 136 683 172 M.
715 130 883 171 TVLLI
916 128 1221 170 CICERONIS

217 1299 244 1336 9

205 1822 251 1850 10

256 248 520 289 Contionatus
550 253 618 292 est,
642 243 766 290 rediit,
796 242 867 281 fuit
896 242 946 280 ad
977 254 1040 279 me
1070 252 1163 279 sane
1193 238 1271 278 diu.
1332 239 1367 278 O
1395 250 1476 276 rem
1506 237 1583 274 foe·-

255 317 374 354 darn!
442 311 558 350 Nosti
593 309 823 355 hominem3
863 306 960 345 nihil
991 304 1211 351 occultavit,
1244 304 1284 342 in
1318 303 1452 354 primis
1486 300 1583 340 nihil

255 393 340 418 esse
367 377 508 416 certius
529 388 648 425 quam
676 382 718 412 ut
748 386 887 411 omnes
915 371 982 422 qui
1007 372 1092 421 lege
1113 369 1303 420 Pompeia
1329 366 1585 407 condemnati

256 450 386 482 essent
424 441 745 486 restituerentur;
793 437 926 487 itaque
964 450 1006 474 se
1044 435 1084 473 in
1123 434 1254 474 Sicilia
1291 447 1427 472 eorum
1467 445 1585 482 opera

257 521 427 547 usurum.
490 508 552 544 De
575 503 780 554 Hispaniis
802 516 883 541 non
904 501 1110 540 dubitabat
1132 500 1227 550 quin
1244 498 1421 539 Caesaris
1442 505 1582 536 essent.
1608 509 1625 541 5

261 575 359 611 Inde
380 572 508 622 ipsum
531 584 621 608 cum
644 568 814 608 exercitu
837 567 1078 616 ubicumque
1100 564 1312 614 Pompeius
1334 571 1445 602 esset.
1493 563 1587 602 Eius

259 638 415 677 interitu
440 638 559 674 finem
588 635 690 675 †illi†
719 635 810 671 fore.
874 631 1039 682 Propius
1068 632 1214 668 factum
1239 643 1323 668 esse
1351 628 1471 675 nihi1;
1504 627 1590 667 †ei†

260 706 376 754 plane
403 701 604 740 iracundia
631 702 777 738 elatum
801 697 971 736 voluisse
994 698 1203 736 Caesarem
1231 694 1359 733 occidi
1383 695 1589 732 Metellum

262 768 461 806 tribunum
481 768 533 817 pl.
593 766 714 815 Quod
737 764 767 802 si
790 771 892 802 esset
913 764 1071 808 factum,
1095 762 1257 799 caedem
1283 773 1465 809 magnam
1493 760 1593 797 futu-

262 848 342 872 ram
364 833 492 871 fuisse.
554 831 773 869 Permultos
798 831 1017 867 hortatores
1038 840 1122 865 esse
1143 825 1285 870 caedis,
1309 825 1438 874 ipsum
1459 831 1590 862 autem
1617 837 1654 860 10

262 913 340 938 non
374 900 576 937 voluntate
613 904 680 934 aut
721 903 858 933 natura
898 907 979 931 non
1013 906 1098 930 esse
1133 892 1344 936 crudelem,
1380 891 1449 928 sed
1484 890 1593 939 quod

252 969 416 1014 putaret
436 963 666 1013 popularem
697 974 783 998 esse
817 958 1079 997 clementiam.
1140 957 1262 1006 Quod
1292 955 1321 993 si
1352 954 1488 1005 populi
1519 961 1594 992 stu-v

262 1029 371 1068 dium
392 1027 598 1069 amisisset,
615 1027 815 1064 crudelem
837 1026 928 1062 fore.
987 1025 1174 1072 Eumque
1194 1022 1464 1071 perturbatum
1486 1020 1595 1069 quod

263 1094 502 1143 intellegeret
534 1105 575 1130 se
605 1092 711 1141 apud
743 1090 868 1140 ipsam
903 1088 1060 1138 plebem
1096 1087 1306 1125 offendisse
1345 1087 1395 1124 de
1433 1085 1591 1124 aerario.

266 1162 405 1208 ltaque
425 1158 460 1196 ei
481 1171 571 1195 cum
593 1155 852 1194 certissimum
876 1154 1011 1192 fuisset
1031 1161 1122 1191 ante
1144 1166 1262 1202 quam
1284 1151 1594 1201 proficisceretur
1618 1166 1656 1198 15

264 1223 492 1262 contionem
522 1222 676 1268 habere,
702 1234 842 1259 ausum
875 1233 955 1257 non
986 1233 1072 1257 esse
1099 1219 1431 1266 vehementerque
1462 1216 1595 1254 animo

266 1288 491 1339 perturbato
518 1288 748 1337 profectum.
812 1286 914 1324 Cum
943 1292 1075 1322 autem
1104 1297 1149 1321 ex
1177 1297 1224 1321 eo
1252 1296 1478 1332 quaererem
1501 1281 1597 1331 quid

266 1355 425 1401 videret,
448 1366 566 1403 quem
594 1352 755 1398 exitum,
776 1364 894 1401 quam
925 1363 1006 1388 rem
1031 1349 1244 1399 publicam,
1265 1350 1381 1398 plane
1405 1348 1600 1385 fatebatur

268 1421 415 1458 nullam
448 1432 557 1469 spem
590 1418 791 1467 reliquam.
854 1416 1019 1466 Pompei
1052 1417 1215 1453 classem
1251 1415 1424 1452 timebat.
1486 1414 1600 1461 Quae

269 1486 300 1524 si
322 1484 472 1531 exisset,
496 1497 537 1522 se
561 1484 612 1522 de
637 1482 768 1521 Sicilia
791 1481 1001 1520 abiturum.
1065 1481 1195 1530 ‘Quid
1223 1481 1306 1519 isti’
1327 1480 1489 1530 inquam
1513 1482 1600 1515 ‘sex
1623 1491 1663 1513 20

271 1550 326 1589 tui
354 1551 506 1588 fasces?
536 1548 567 1587 si
593 1562 615 1587 a
643 1556 792 1594 senatu,
817 1561 885 1586 cur
914 1547 1105 1586 laureati?
1135 1547 1165 1585 si
1193 1547 1244 1585 ab
1271 1546 1367 1596 ipso,
1391 1560 1459 1584 cur
1486 1545 1602 1582 sex?’

275 1615 460 1666 ‘Cupivi’
487 1614 614 1665 inquit
645 1618 713 1652 ‘ex
742 1621 900 1652 senatus
932 1614 1114 1652 consulto
1141 1620 1346 1663 surrupto,
1375 1625 1466 1649 nam
1493 1610 1603 1648 aliter

274 1695 347 1720 ason
375 1687 536 1731 poterat.
597 1682 649 1718 At
678 1679 742 1717 ille
774 1678 978 1729 impendio
1008 1692 1113 1717 nunc
1145 1678 1266 1728 magis
1296 1677 1379 1716 odit
1409 1684 1600 1715 senatum.

274 1750 309 1784 A
340 1748 423 1785 me'
454 1745 579 1795 inquit
612 1745 768 1783 ‘onmia
801 1744 1121 1794 proficiscentur.’
1179 1745 1284 1783 ‘Cur
1317 1750 1448 1781 autem
1484 1742 1602 1780 sex?’

278 1812 404 1861 ‘Quia
433 1824 493 1849 ΧΠ
525 1811 658 1858 nolui:
688 1825 779 1849 nam
810 1811 977 1849 licebat.'
1035 1812 1139 1848 Tum
1170 1823 1242 1859 ego
1266 1810 1418 1858 ‘Quam
1440 1809 1602 1846 vellem'
1626 1815 1664 1847 25

275 1879 436 1927 inquam
466 1877 631 1926 ‘petisse
661 1877 711 1914 ab
740 1891 788 1915 eo
816 1877 924 1926 quod
954 1875 1073 1914 audio
1096 1875 1321 1924 Philippum
1351 1873 1604 1923 impetrasse!

276 1944 354 1982 Sed
375 1942 517 1981 veritus
539 1956 636 1989 sum,
661 1941 753 1992 quia
780 1941 844 1979 ille
864 1955 887 1979 a
908 1955 971 1979 me
1001 1940 1097 1979 nihil
1125 1940 1382 1990 impetrabat.'
1442 1938 1608 1976 ‘Liben-

276 2008 353 2046 ter’
381 2006 507 2057 inquit
535 2006 625 2045 ‘tibi
659 2006 928 2045 concessisset.
988 2007 1136 2044 Verum
1164 2013 1258 2056 puta
1288 2012 1325 2043 te
1355 2004 1608 2054 impetrasse3

324 2124 335 2143 1
363 2114 404 2144 ad
428 2113 475 2153 M,
501 2114 537 2153 cf.
559 2113 806 2144 adnotationem
832 2111 961 2142 doctam
986 2111 1166 2141 Mizllem'et
1183 2121 1214 2141 x.
1232 2111 1279 2141 16.
1301 2121 1338 2140 1:
1375 2110 1462 2148 apud
1489 2108 1608 2140 Lamb.

277 2168 293 2196 7
321 2157 491 2188 interitum
511 2157 628 2189 Laud).
721 2156 784 2195 illi]
803 2156 880 2186 belli
900 2155 994 2186 Man.
1010 2166 1015 2184 :
1042 2155 1118 2185 mali
1136 2154 1237 2184 Orelli
1326 2154 1468 2192 Propius
1485 2153 1609 2183 sactum

277 2211 353 2231 esse
379 2201 461 2231 nihil
486 2201 555 2232 edd.
577 2200 713 2240 quidam
740 2200 906 2230 conlocant
926 2203 1002 2239 post
1027 2199 1197 2229 tribunum
1224 2198 1268 2237 pl.
1290 2198 1412 2227 omisso
1432 2196 1462 2226 ei
1561 2196 1608 2236 ei]

279 2246 341 2274 nisi
360 2244 509 2275 Schmidt
646 2255 684 2274 10
708 2243 811 2273 fuisse
832 2243 880 2273 C:
918 2253 993 2273 esse
1018 2241 1059 2271 M
1192 2251 1228 2271 12
1254 2246 1386 2280 putaiet
1410 2239 1485 2270 add.
1507 2239 1607 2269 Rom.

284 2289 319 2317 18
344 2298 442 2326 quem
477 2289 601 2317 exitum
636 2286 827 2327 Malaspina
858 2286 1015 2325 Madvig:
1055 2296 1155 2324 quem
1190 2284 1381 2323 exemplum
1409 2282 1486 2313 Ml:
1521 2282 1611 2322 quod

279 2332 472 2370 exemplum
500 2330 553 2360 M*
573 2330 671 2360 Rom.
689 2341 695 2358 :
728 2341 827 2369 quern
848 2334 1005 2359 eventum
1027 2329 1105 2359 coni.
1128 2328 1211 2359 Boot
1226 2327 1378 2359 Schmidt
1569 2337 1612 2356 20

280 2375 407 2404 exisset
426 2373 564 2404 Weiske:
591 2378 683 2403 esset
709 2372 769 2403 M:
794 2373 929 2403 adesset
947 2373 1025 2402 coni.
1045 2372 1130 2402 Reid
1283 2381 1324 2401 22
1349 2374 1503 2410 surrepto
1522 2370 1611 2411 vulg.

282 2418 373 2458 nam]
397 2427 473 2447 num
493 2417 569 2448 coni.
596 2416 715 2456 Tyrrell
823 2426 864 2455 23
890 2426 954 2445 non
973 2415 1047 2446 add.
1068 2415 1154 2456 vulg.
