1827 2798
609 143 720 183 EPP.
751 145 829 183 AD
858 145 1118 185 ATTICVM
1445 149 1515 189 IX.
1533 161 1564 189 x

191 254 340 294 deliora
367 253 484 293 etiam
514 254 674 304 cogitari
703 264 741 294 et
770 256 893 306 parari
922 257 1118 296 videbam.
1189 259 1259 298 Me
1287 273 1405 310 quem
1440 275 1521 301 non

191 320 287 357 nulli
321 327 635 359 conservatorem
670 320 780 358 istius
811 322 930 370 urbis,
959 336 1077 372 quem
1112 332 1313 373 parentem
1347 340 1432 365 esse
1465 327 1521 366 di-

191 391 329 422 xerunt
363 385 551 422 Getarum
581 393 620 423 et
649 386 926 424 Armeniorum
958 394 996 425 et
1028 388 1269 427 Colchorum
1304 391 1436 440 copias
1469 394 1520 431 ad

191 462 278 487 eam
307 450 536 488 adducere?
570 463 633 488 me
663 450 759 488 meis
788 451 939 489 civibus
963 453 1118 499 famem,
1141 455 1360 494 vastitatem
1382 457 1521 497 inferre

153 530 171 562 5
193 513 357 552 Italiae?
415 516 537 553 Hunc
564 514 733 564 primum
763 517 967 554 mortalem
998 531 1092 563 esse,
1116 519 1261 558 deinde
1282 521 1399 559 etiam
1426 524 1522 561 rnul-

190 578 238 617 tis
260 578 387 617 modis
407 592 524 629 posse
551 579 743 629 exstingui
771 580 1004 630 cogitabam,
1026 583 1163 621 urbem
1190 592 1322 623 autem
1343 594 1380 624 et
1400 600 1522 637 popu-

190 644 272 681 lum
310 651 487 681 nostrum
526 646 760 682 servandum
797 647 849 684 ad
880 646 1222 696 immortalitatem,
1257 659 1447 700 quantum
1481 652 1521 689 in

189 707 305 745 nobis
339 716 450 754 esset,
482 709 681 758 putabam,
708 717 746 747 et
775 717 907 749 tamen
937 726 1024 762 spes
1054 715 1249 763 quaedam
1278 728 1341 753 nie
1375 724 1522 754 susten-

190 773 298 811 tabat
318 774 399 811 fore
419 782 461 811 ut
481 773 629 823 aliquid
650 776 875 814 conveniret
904 777 1033 827 potius
1061 791 1179 827 quam
1199 787 1265 817 aut
1285 780 1348 818 hic
1369 788 1520 819 tanturn

133 853 172 878 ιο
191 837 344 876 sceleris
378 845 443 876 aut
475 838 539 877 ille
577 847 728 877 tantum
762 841 880 891 flagiti
911 842 1143 881 admitteret.
1202 844 1290 882 Alia
1324 858 1382 882 res
1416 858 1521 884 nunc

190 909 272 941 tota
292 910 360 949 est,
382 902 457 941 alia
478 917 588 942 mens
609 919 706 943 mea.
767 908 842 953 Sol,
866 914 908 944 ut
929 914 986 945 est
1006 907 1045 944 in
1066 915 1132 946 tua
1152 910 1322 957 quadam
1343 909 1519 958 epistula,

189 968 379 1007 excidisse
410 968 504 1006 mihi
534 982 554 1007 e
584 972 736 1008 mundo
764 971 929 1009 videtur.
985 973 1037 1009 Vt
1066 980 1235 1022 aegroto,
1264 975 1359 1011 dum
1390 974 1521 1012 anima

189 1041 257 1080 est,
281 1047 368 1083 spes
390 1047 474 1071 esse
495 1033 647 1080 dicitur,
670 1034 725 1072 sic
745 1048 828 1084 ego,
852 1036 983 1084 quoad
1005 1036 1216 1086 Pompeius
1237 1037 1276 1074 in
1305 1038 1416 1075 Italia
1436 1038 1518 1085 fuit,

188 1111 342 1149 sperare
362 1112 442 1136 non
464 1098 605 1137 destiti.
666 1101 790 1146 Haec,
814 1101 911 1138 haec
932 1113 995 1138 me
1014 1102 1231 1139 fefellerunt
1253 1109 1301 1148 et,
1325 1110 1366 1140 ut
1386 1116 1520 1141 verum

132 1176 169 1208 ¹5
188 1164 334 1213 loquar,
369 1171 474 1201 aetas
508 1163 586 1202 iam
624 1177 647 1202 a
677 1164 870 1202 diuturnis
900 1165 1100 1203 laboribus
1131 1167 1279 1204 devexa
1311 1168 1361 1205 ad
1396 1167 1519 1205 otium

188 1228 491 1267 domesticarum
532 1243 595 1267 me
633 1242 760 1267 rerum
799 1229 1061 1268 delectatione
1098 1230 1275 1269 mollivit.
1332 1233 1450 1269 Nunc
1488 1232 1519 1270 si

186 1296 247 1333 vel
286 1294 503 1345 periculose
542 1294 825 1344 experiundum
865 1294 945 1342 erit,
982 1295 1156 1345 experiar
1199 1303 1302 1333 certe
1340 1304 1382 1334 ut
1427 1296 1519 1335 hinc

186 1362 352 1399 avolem.
409 1362 514 1398 Ante
541 1359 713 1409 oportuit
738 1361 925 1407 fortasse3
955 1361 1024 1398 sed
1050 1373 1094 1398 ea
1122 1374 1222 1410 quae
1249 1360 1433 1410 scripsisti
1455 1374 1517 1399 me

187 1428 387 1465 tardarunt
421 1433 457 1463 et
491 1424 699 1462 auctoritas
734 1424 901 1462 maxime
931 1432 1008 1462 tua.
1067 1426 1171 1463 Nam
1204 1439 1295 1463 cum
1328 1426 1379 1463 ad
1410 1426 1559 1472 hunc4

130 1504 170 1528 20
188 1494 319 1533 locum
348 1493 553 1538 venissem,
577 1491 702 1530 evolvi
731 1492 916 1529 volumen
946 1490 1198 1540 epistularum
1225 1498 1377 1528 tuarum
1408 1491 1517 1540 quod

188 1573 260 1610 ego
288 1561 356 1598 sub
385 1559 495 1609 signo
530 1559 658 1596 habeo
688 1569 879 1606 servoque
912 1555 1220 1606 diligentissime.
1279 1557 1371 1594 Erat
1405 1555 1519 1605 igitur

187 1624 227 1663 in
256 1639 302 1664 ea
331 1639 448 1675 quam
475 1636 503 1662 X
532 1625 581 1661 K.
607 1624 719 1661 Febr.
741 1623 915 1667 dederas,
938 1622 1014 1658 hoc
1035 1622 1166 1667 modo,
1192 1623 1200 1639 ‘
1217 1621 1294 1658 Sed
1314 1620 1517 1658 videamus

187 1698 224 1729 et
245 1692 404 1729 Gnaeus
421 1689 516 1739 quid
536 1697 624 1739 agat
644 1696 681 1726 et
702 1687 802 1725 illius
824 1686 992 1724 rationes
1013 1699 1199 1735 quorsum
1221 1686 1355 1723 fluant.
1395 1685 1516 1733 Quod

186 1756 218 1794 si
256 1755 327 1794 iste
367 1754 521 1793 Italiam
559 1754 762 1804 relinquet,
798 1752 911 1790 faciet
950 1751 1113 1789 omnino
1147 1751 1248 1788 male
1282 1757 1330 1796 et,
1363 1757 1405 1787 ut
1444 1762 1516 1799 ego

129 1827 167 1860 ²5
186 1820 375 1867 existimo,
408 1821 625 1872 ἀλογίστως,
657 1820 727 1857 sed
760 1826 843 1856 tum
875 1818 1035 1856 demum
1067 1815 1229 1853 consilia
1257 1822 1388 1852 nostra
1414 1827 1518 1852 corn-

186 1886 376 1924 mutanda
401 1886 538 1923 erunt.’
595 1886 688 1922 Hoc
718 1883 853 1922 scribis
880 1889 968 1932 post
995 1881 1100 1919 diem
1125 1887 1305 1930 quartum
1328 1892 1445 1928 quam
1465 1878 1516 1916 ab

185 1951 281 1989 urbe
310 1950 574 1989 discessimus.
632 1949 788 1987 Deinde
817 1960 891 1985 V111
923 1949 972 1984 K.
1006 1947 1131 1992 Febr„
1167 1946 1362 1982 ‘Tantum
1393 1944 1514 1981 modo

187 2016 345 2053 Gnaeus
375 2023 506 2053 noster
535 2028 595 2061 ne,
618 2021 660 2052 ut
689 2014 826 2051 urbem
856 2013 1062 2064 ἀλογίστως
1087 2009 1252 2060 reliquit,
1275 2009 1328 2046 sic
1359 2007 1511 2045 Italiam

186 2079 402 2128 relinquat.'
474 2080 627 2117 Eodem
665 2078 730 2116 die
767 2079 836 2116 das
874 2079 1012 2115 alteras
1049 2076 1195 2114 litteras
1233 2073 1375 2123 quibus
1417 2071 1513 2110 mihi

126 2150 169 2183 30
188 2143 408 2182 consulenti
429 2143 653 2193 planissime
674 2143 897 2192 respondes.
950 2144 1019 2180 Est
1049 2141 1167 2183 enim¹
1185 2139 1249 2187 sic,
1275 2142 1283 2158 ‘
1300 2140 1378 2176 Sed
1398 2138 1514 2176 venio

230 2248 250 2278 8
274 2258 326 2278 me
353 2247 564 2277 sustentabat
589 2246 616 2276 L
644 2246 784 2286 (marg.)
811 2244 916 2275 Boot:
951 2255 1004 2275 me
1030 2244 1227 2275 obtentabat
1251 2243 1338 2275 codd.
1364 2241 1515 2273 Schmidt

188 2291 305 2326 (simili
324 2302 421 2321 sensu
449 2301 486 2320 ac
507 2289 750 2320 sustentabat‘»:
776 2290 818 2318 mi
842 2289 1034 2319 ostentabat
1059 2291 1147 2318 scum
1173 2298 1252 2328 spes
1276 2298 1312 2318 se
1332 2286 1512 2326 quaedam)

186 2335 265 2365 coni.
284 2334 424 2365 Lamb.:
448 2344 501 2364 me
519 2333 709 2363 oblectabat
727 2331 837 2362 Moser
938 2342 975 2370 14
1000 2332 1103 2371 Haec,
1123 2333 1206 2362 haec
1224 2327 1352 2362 EOZb:
1379 2331 1461 2360 haec
1475 2328 1517 2358 M

190 2380 239 2415 16,
264 2388 299 2415 17
324 2378 353 2408 si
377 2377 429 2408 vel
455 2376 646 2416 periculose
670 2376 810 2406 Lamb:
836 2376 907 2406 sive
934 2376 1122 2415 periculose
1143 2369 1296 2406 EORZl:
1326 2376 1397 2405 sive
1424 2374 1512 2413 peri-

186 2422 260 2452 culo
277 2422 325 2452 M
409 2421 447 2451 18
472 2420 636 2460 scripsisti
653 2420 694 2449 M
706 2431 712 2449 ε
741 2419 859 2458 scripsi
880 2419 1038 2450 Graevius
1055 2430 1094 2450 ex
1110 2418 1266 2450 codicibus
1282 2417 1473 2449 Ballt'olensi
1485 2419 1513 2447 et

185 2463 457 2496 Helmstadtzensi
584 2473 622 2494 21
651 2463 711 2494 sub
729 2462 803 2494 add.
821 2466 890 2495 vett.
