1827 2798
599 156 710 193 EPP.
743 156 820 192 AD
850 154 1110 194 ATTICVM
1434 154 1520 191 XV.
1539 153 1615 190 xxi

190 265 274 302 bus.
334 266 386 302 At
416 278 488 314 ego
513 265 588 303 iam
615 266 850 304 destinaram
873 267 1125 315 Hydruntem
1151 264 1322 315 quidem.
1384 265 1518 303 Move-

190 329 285 366 bant
314 343 378 367 me
407 338 496 368 tuae
526 330 700 380 quinque
731 332 859 369 horae.
921 330 1001 368 Hic
1030 338 1161 368 autom
1183 337 1351 379 quantus
1377 332 1518 370 πλοῦςῐ

190 394 268 431 Sed
289 393 520 432 videbimus.
563 396 702 432 Nullas
723 409 745 433 a
761 403 798 433 te
819 407 862 433 xi
880 397 966 433 Kal.
1010 394 1182 445 Quippe,
1198 394 1294 444 quid
1315 394 1418 433 enim
1440 394 1517 432 iarn

189 458 310 496 novi?
359 460 461 498 Cum
483 459 652 510 primurn
673 460 787 509 igitur
807 460 961 510 poteris,
977 459 1120 498 venies.
1181 461 1266 510 Ego
1286 473 1452 510 propero
1468 473 1518 499 ne

149 535 168 567 5
188 532 280 561 ante
301 524 448 571 Sextus,
473 538 591 574 quem
612 526 822 563 adventare
843 525 962 563 aiunt.

231 630 368 665 XXII
411 633 478 665 Ser.
500 635 533 664 iu
552 634 735 665 Tusculano
753 646 773 665 v
789 636 830 666 K.
852 635 964 674 Quint.
989 646 1088 666 mane
1103 646 1132 667 α.
1155 645 1212 676 710
1230 635 1318 677 (44).

593 710 763 742 CICERO
793 711 973 742 ATTICO
1002 711 1107 743 SAL.

241 782 424 820 Gratulor
462 782 576 820 nobis
612 782 805 831 Quintum
845 783 968 820 filiurn
1007 784 1141 822 exisse.
1202 785 1395 823 Molestus
1433 797 1513 822 non

186 845 266 884 erit.
337 848 504 885 Pansam
539 848 639 892 bene
673 847 781 897 loqui
820 849 949 886 credo.
1019 850 1182 898 Semper
1215 849 1320 887 enirn
1354 848 1514 887 coniun-

128 923 166 946 10
185 920 292 949 ctum
323 926 408 950 esse
437 926 527 951 cum
551 913 683 951 Hirtio
713 913 818 961 scio3
851 913 1132 951 amicissimum
1162 916 1283 952 Bruto
1313 922 1350 952 et
1376 914 1513 953 Cassio

185 984 292 1026 puto,
316 976 347 1014 si
368 977 547 1027 expediet
570 978 657 1026 (sed
682 979 842 1027 quando
867 977 952 1015 illos
979 977 1127 1016 videbit
1144 978 1188 1028 ?)‚
1212 978 1411 1016 inimicum
1436 981 1512 1016 An-

184 1041 304 1088 tonio,
329 1043 489 1091 quando
513 1050 579 1080 aut
600 1044 697 1080 cur?
754 1044 974 1092 Quousque
1004 1044 1216 1081 ludemur?
1272 1045 1357 1093 Ego
1380 1052 1510 1081 autem

184 1106 318 1156 scripsi
351 1108 510 1144 Sextum
541 1108 763 1154 adventare,
797 1121 878 1145 non
912 1121 992 1157 quo
1023 1107 1100 1145 iam
1134 1109 1288 1146 adesset
1320 1109 1389 1146 sed
1421 1107 1512 1158 quia

183 1179 287 1210 certe
319 1171 359 1210 id
389 1180 518 1221 ageret
548 1173 599 1210 ab
630 1172 825 1222 armisque
864 1174 993 1210 nullus
1031 1172 1261 1211 discederet.
1321 1174 1447 1219 Certe,
1481 1173 1512 1210 si

126 1247 163 1279 15
184 1236 317 1286 pergit,
350 1237 496 1274 bellum
527 1245 705 1286 paratum
738 1245 805 1275 est.
867 1236 947 1274 Hic
976 1244 1107 1275 autem
1138 1245 1270 1276 noster
1304 1237 1512 1286 Cytherius

183 1300 256 1338 nisi
286 1300 473 1339 victorem
505 1301 705 1339 nerninem
735 1301 938 1339 victurum.
999 1301 1106 1350 Quid
1141 1303 1192 1340 ad
1226 1303 1323 1340 haec
1354 1302 1512 1339 Pansa?

183 1365 311 1404 utrobi
333 1366 413 1413 erit,
438 1366 469 1403 si
497 1366 643 1404 bellum
666 1366 765 1404 erit?
803 1368 911 1416 quod
933 1366 1085 1405 videtur
1105 1368 1196 1406 fore.
1256 1368 1335 1406 Sed
1356 1374 1392 1406 et
1414 1368 1510 1406 haec

182 1439 219 1469 et
239 1430 315 1469 alia
335 1444 466 1469 coram
488 1431 607 1470 hodie
627 1431 799 1481 quidem,
824 1439 865 1470 ut
886 1431 1032 1478 scribis,
1055 1439 1121 1469 aut
1141 1445 1234 1470 cras.

225 1540 385 1575 XXIII
432 1544 500 1576 Ser.
522 1545 555 1574 in
578 1543 762 1575 Tusculano
779 1544 1026 1576 v1'1'z'autv1'z'K.
1048 1544 1161 1584 Quint.
1183 1555 1212 1576 a.
1236 1555 1291 1584 710
1311 1545 1398 1587 (44).

123 1633 161 1654 20
586 1621 758 1653 CICERO
787 1621 968 1653 ATTICO
996 1621 1100 1654 SAL.
1145 1598 1150 1606 ²

235 1693 401 1732 Mirifice
423 1701 617 1744 torqueor,
641 1693 724 1732 sine
749 1695 885 1732 dolore
915 1701 1071 1741 tamen3
1105 1695 1175 1732 sed
1199 1696 1391 1744 permulta
1411 1694 1507 1734 mihi

179 1758 229 1796 de
249 1766 383 1796 nostro
410 1758 547 1797 itinere
573 1758 612 1796 in
641 1766 846 1808 utramque
871 1766 1019 1807 partem
1048 1767 1266 1797 occurrunt.
1330 1761 1507 1808 ‘Quous-

179 1824 309 1872 que?'
340 1823 504 1873 inquies.
565 1824 710 1872 Quoad
745 1823 815 1861 erit
848 1822 1071 1872 integrum3
1113 1823 1183 1861 erit
1216 1831 1348 1862 autem
1382 1838 1506 1874 usque

179 1888 275 1924 dum
304 1889 355 1925 ad
385 1902 535 1926 navem.
595 1890 723 1926 Pansa
752 1888 782 1926 si
814 1896 902 1926 tuae
932 1888 1181 1938 rescripserit,
1210 1896 1248 1926 et
1277 1902 1405 1926 meam
1435 1888 1505 1926 tibi

119 1963 158 1994 25
181 1959 219 1990 et
263 1952 364 1991 illius
409 1953 615 2002 epistulam
662 1953 825 1991 mittam.
903 1953 1040 1991 Silium
1089 1954 1364 2003 exspectabam
1379 1968 1388 2000 3
1442 1953 1504 1990 cui

180 2017 446 2066 hypomnema
493 2017 768 2067 compositum,
820 2017 850 2055 si
898 2017 994 2067 quid
1042 2017 1144 2055 novi.
1223 2019 1308 2067 Ego
1359 2017 1504 2056 litteras

226 2132 237 2150 1
268 2121 460 2159 Hydrunte.
511 2121 567 2151 Me
584 2122 719 2160 quidem
738 2122 918 2152 movebant
937 2123 1013 2152 com'.
1031 2122 1117 2152 Boot
1223 2132 1241 2151 2
1267 2122 1358 2152 Hinc
1373 2121 1507 2152 Ernesti

181 2174 215 2196 11
244 2164 289 2195 illi
308 2165 497 2195 videbitur?
525 2176 579 2198 isc.
596 2165 750 2205 expedire)
766 2165 899 2196 Graeter
1031 2175 1066 2203 17
1093 2164 1199 2195 utrobi
1219 2166 1282 2195 erit
1299 2165 1434 2204 qnidam
1450 2170 1500 2205 ap.

177 2207 320 2238 Lamb.:
354 2213 428 2237 utro
452 2209 516 2238 erit
544 2207 657 2239 codd:
694 2218 767 2238 cum
794 2214 867 2239 utro
903 2209 967 2239 erit
994 2208 1059 2239 cod.
1092 2207 1223 2238 Vrsini:
1264 2214 1411 2238 utrorum
1437 2209 1501 2238 erit

177 2251 324 2290 Kayser:
349 2257 423 2281 utro
437 2252 590 2281 conseret
603 2262 640 2281 se
652 2251 775 2281 Mtillcr
875 2262 915 2290 24
941 2257 1018 2281 tuae
1041 2251 1184 2281 Vitriolz':
1210 2257 1266 2281 tue
1283 2251 1369 2282 codd.
1387 2263 1394 2283 z
1420 2251 1500 2280 mihi

181 2293 388 2334 lVesenbmg:
425 2305 490 2325 ont.
515 2294 608 2325 Man.
753 2297 795 2325 26
819 2295 1049 2333 compositum,
1069 2295 1096 2325 si
1125 2294 1213 2325 codd.
1234 2294 1352 2325 Lamb.
1372 2307 1378 2326 :
1414 2304 1500 2325 com-

177 2337 366 2376 positumst.
418 2337 454 2368 Si
472 2339 552 2369 coni.
572 2337 675 2369 Orelli
768 2339 795 2369 si
820 2339 902 2378 quid
919 2339 997 2369 novi
1015 2339 1217 2379 transposuit
1231 2341 1308 2379 post
1323 2343 1498 2378 exspecta-

176 2380 250 2412 bam
267 2380 393 2412 Sclnztz

1351 2483 1414 2515 35*
