1827 2798
211 123 322 163 XVI.
347 123 395 162 iii
725 122 782 159 M.
815 122 982 158 TVLLI
1015 120 1323 159 CICERONIS

357 236 479 284 Quod
520 235 680 272 Erotem
720 245 801 270 non
841 231 925 270 sine
964 233 1199 270 munusculo
1239 239 1464 282 exspectare
1502 239 1540 271 te
1578 232 1687 280 dicis,

355 300 510 349 gaudeo
532 312 612 336 non
634 296 817 335 fefellisse
838 310 924 334 eam
946 311 1027 334 rem
1050 296 1278 345 opinionem
1304 304 1410 334 tuam
1427 312 1437 344 ,-
1466 299 1535 336 sed
1557 305 1689 337 tamen

355 363 461 402 idem
483 364 680 415 σύνταγμα
709 362 796 400 misi
816 363 867 401 ad
893 370 931 400 te
958 361 1199 400 retractatius
1227 369 1265 400 et
1293 362 1455 411 quidem
1483 365 1691 414 ἀρχέτυπον

356 428 485 478 ipsum
516 428 661 467 crebris
685 427 781 466 locis
809 427 1049 466 inculcatum
1077 435 1116 465 et
1140 428 1339 465 refectum.
1401 429 1523 466 Hunc
1551 436 1591 466 tu
1619 436 1690 467 tra-

355 496 476 532 latum
499 494 537 531 in
566 495 847 532 macrocollum
876 495 960 543 lege
980 506 1124 531 arcano
1152 492 1326 530 convivis
1353 493 1429 531 tuis
1460 495 1540 540 sed,
1563 494 1594 532 si
1626 508 1689 533 me
1711 507 1727 537 5

353 573 474 607 amas,
498 559 629 597 hilaris
650 567 688 597 et
718 559 820 597 bene
849 558 1032 608 acceptis,
1057 572 1106 597 ne
1137 558 1177 596 in
1198 572 1261 597 me
1289 560 1537 597 stomachum
1565 573 1690 598 erum-

355 632 449 674 pant
470 638 560 662 cum
582 624 658 662 sint
679 623 749 662 tibi
771 623 866 662 irati.

311 703 336 730 2
411 691 472 728 De
512 689 705 729 Cicerone
743 689 861 727 velim
900 689 954 727 ita
991 689 1040 727 sit
1078 697 1120 727 ut
1158 689 1352 728 audimus.
1427 692 1489 728 De
1519 692 1689 729 Xenone

353 768 486 793 coram
517 769 781 805 cognoscam3
810 769 1052 805 quamquam
1082 755 1179 793 nihil
1210 756 1261 794 ab
1290 769 1338 794 eo
1367 755 1531 794 arbitror
1558 769 1688 805 neque

353 818 602 869 indiligenter
640 833 770 869 neque
809 819 1069 858 inliberaliter.
1151 822 1212 858 De
1257 821 1421 858 Herode
1462 820 1603 858 faciam
1646 828 1687 858 ut
1711 833 1749 854 10

353 886 519 923 mandas
546 892 583 923 et
614 898 659 923 ea
686 898 787 934 quae
812 884 948 922 scribis
976 898 1023 922 ex
1053 885 1210 923 Saufeio
1237 892 1275 923 et
1302 899 1323 923 e
1350 887 1518 923 Xenone
1546 898 1688 934 cogno-

308 960 332 996 3
353 962 470 988 scam.
532 951 593 988 De
625 949 776 998 Quinto
812 950 892 987 filio
926 951 1081 999 gaudeo
1113 949 1183 988 tibi
1216 964 1322 988 meas
1355 950 1499 989 litteras
1530 950 1636 1000 prius
1665 965 1688 988 a

352 1014 554 1053 tabellario
576 1029 665 1053 meo
693 1029 812 1064 quam
839 1015 890 1052 ab
918 1014 1003 1064 ipso
1031 1014 1227 1063 reddita53
1258 1028 1499 1065 quamquam
1524 1022 1562 1053 te
1590 1015 1687 1052 nihil

351 1079 560 1117 fefellisset.
603 1081 751 1117 Verum
774 1087 906 1117 tamen
927 1103 989 1116 ——.
1032 1081 1110 1117 Sed
1132 1088 1317 1129 exspecto
1338 1079 1433 1130 quid
1455 1079 1518 1118 ille
1540 1087 1682 1126 tecum,

351 1144 448 1194 quid
478 1152 519 1182 tu
540 1144 722 1191 vicissim,
746 1158 818 1182 nec
846 1144 986 1182 dubito
1014 1144 1109 1194 quin
1137 1158 1209 1182 suo
1236 1158 1344 1183 more
1372 1153 1545 1195 uterque.
1606 1147 1685 1184 Sed
1708 1159 1742 1189 15

350 1223 416 1248 eas
444 1209 589 1247 litteras
621 1209 783 1249 Curium
819 1209 915 1246 mihi
946 1223 1060 1259 spero
1094 1209 1349 1248 redditurum.
1411 1209 1490 1258 Qui
1522 1209 1682 1260 quidem

350 1274 423 1312 etsi
453 1288 521 1324 per
553 1288 593 1313 se
623 1283 681 1313 est
712 1274 891 1313 amabilis
921 1289 944 1312 a
973 1288 1116 1324 meque
1146 1274 1328 1325 diligitur,
1361 1284 1493 1314 tamen
1521 1277 1685 1314 accedet

350 1353 515 1390 magnus
537 1341 718 1378 cumulus
739 1339 1098 1378 commendationis
1118 1347 1218 1378 tuae.

302 1413 328 1451 4
404 1405 561 1443 Litteris
592 1405 667 1443 tuis
698 1404 789 1443 satis
819 1418 1053 1454 responsum
1084 1413 1167 1452 est3
1201 1419 1307 1444 nunc
1337 1406 1430 1444 audi
1460 1407 1580 1456 quod,
1612 1406 1683 1445 etsi

348 1470 532 1521 intellego
554 1471 669 1509 scribi
698 1485 858 1510 necesse
886 1485 967 1509 non
992 1484 1087 1518 esse,
1111 1471 1240 1510 scribo
1267 1480 1410 1511 tamen.
1472 1474 1601 1510 Multa
1620 1487 1684 1511 me
1707 1486 1744 1507 20

348 1544 508 1575 movent
524 1536 563 1574 in
580 1537 766 1583 discessu,
784 1536 823 1574 in
844 1536 979 1585 primis
1000 1550 1063 1574 me
1084 1538 1242 1575 hercule
1264 1539 1372 1587 quod
1389 1537 1571 1587 diiungor
1590 1551 1613 1575 a
1633 1546 1681 1575 te.

349 1603 487 1640 Movet
508 1602 624 1640 etiam
647 1601 906 1651 navigationis
926 1602 1037 1639 labor
1059 1602 1209 1641 alienus
1231 1617 1311 1641 non
1332 1603 1382 1640 ab
1406 1610 1534 1641 aetate
1555 1604 1682 1641 solum

347 1676 480 1704 nostra
509 1681 643 1706 verum
674 1667 792 1705 etiam
821 1681 844 1705 a
873 1667 1063 1717 dignitate
1100 1675 1335 1718 tempusque
1370 1667 1566 1706 discessus
1596 1668 1684 1706 sub-

345 1731 573 1769 absurdum.
630 1731 908 1781 Relinquimus
938 1732 1044 1770 enim
1074 1746 1213 1783 pacem
1242 1740 1283 1770 ut
1308 1733 1358 1770 ad
1385 1732 1533 1770 bellum
1561 1746 1682 1771 rever-

346 1803 484 1843 tamur,
526 1798 714 1847 quodque
753 1797 940 1846 temporis
980 1797 1019 1835 in
1058 1797 1269 1847 praediolis
1315 1797 1457 1835 nostris
1503 1804 1540 1835 et
1579 1798 1682 1837 belle
1704 1811 1740 1843 25

344 1862 561 1900 aedificatis
582 1870 619 1900 et
640 1862 732 1900 satis
752 1862 930 1900 amoenis
952 1862 1133 1900 consumi
1154 1862 1281 1911 potuit
1304 1861 1341 1899 in
1370 1862 1682 1912 peregrinatione

345 1927 626 1965 consumimus.
687 1928 954 1967 Consolantur
988 1929 1110 1965 haec:
1150 1935 1217 1965 aut
1252 1927 1498 1976 proderimus
1531 1927 1681 1977 aliquid

345 1991 527 2030 Ciceroni
555 2001 621 2031 aut
649 2002 842 2043 quantum
870 1992 1007 2043 profici
1034 1992 1157 2042 possit
1188 1992 1461 2030 iudicabimus.
1524 1992 1680 2032 Deinde

343 2063 384 2094 tu
415 2057 503 2104 iam,
527 2066 569 2096 ut
599 2071 713 2107 spero
744 2066 782 2096 et
809 2065 851 2096 ut
881 2057 1087 2108 promittis,
1110 2056 1248 2095 aderis.
1311 2058 1431 2105 Quod
1459 2057 1619 2106 quidem
1648 2057 1677 2095 si
1818 2079 1822 2135 ¹

301 2130 325 2167 5
343 2122 538 2169 acciderit,
566 2124 701 2162 onmia
727 2123 842 2161 nobis
872 2130 985 2161 erunt
1016 2122 1186 2160 meliora.
1249 2121 1424 2160 Maxime
1453 2130 1584 2159 autem
1615 2135 1678 2161 me
1699 2135 1740 2165 30

342 2187 448 2236 angit
484 2188 581 2227 ratio
616 2189 855 2238 reliquorum
888 2201 1077 2226 meorum.
1138 2188 1251 2236 Quae
1286 2200 1528 2237 quamquam
1563 2187 1678 2236 expli-

342 2259 430 2290 cata
461 2261 564 2300 sunt,
590 2261 733 2303 tamen,
761 2254 869 2303 quod
900 2260 938 2291 et
972 2253 1204 2291 Dolabellae
1231 2265 1378 2290 nomen
1408 2251 1448 2290 in
1478 2251 1523 2290 iis
1552 2259 1611 2290 est
1640 2259 1678 2290 et
1817 2237 1820 2287 Ξ

390 2366 403 2386 1
430 2361 463 2387 te
482 2359 504 2387 Σ
520 2355 604 2387 Crat.
625 2367 632 2387 ι
657 2366 721 2387 om.
738 2360 767 2386 Δ
856 2367 875 2395 4
903 2354 978 2386 Hoc
995 2354 1080 2386 Reid
1094 2354 1158 2386 coll.
1177 2354 1234 2385 xii.
1253 2364 1272 2394 5
1285 2365 1302 2385 c
1395 2363 1431 2394 17
1457 2354 1588 2385 accedit
1605 2358 1675 2386 vett.
1815 2379 1818 2411 1

1809 2754 1827 2798 E:
1806 2561 1819 2748 -a—m**
