1827 2798
211 150 306 188 XII.
327 149 437 186 xxiii
711 149 767 186 M.
801 147 971 184 TVLLI
1002 146 1309 186 CICERONIS

343 260 434 298 fido.
497 260 559 297 De
581 258 747 297 Gamala
767 256 934 296 dubium
955 271 1037 295 non
1057 255 1154 295 mihi
1174 264 1266 295 erat.
1324 257 1443 295 Vnde
1463 255 1569 295 enim
1596 262 1677 294 tam

342 324 433 363 felix
454 323 574 373 Ligus
596 325 734 373 pater?
791 325 896 361 Nam
924 322 1020 372 quid
1047 323 1098 361 de
1125 336 1189 361 me
1216 321 1359 369 dicam,
1382 321 1446 360 cui
1472 328 1516 360 ut
1544 319 1678 360 onmia

345 387 576 438 contingant
597 402 698 437 quae
719 389 819 434 volo,
843 387 961 426 levari
981 401 1062 425 non
1083 389 1278 438 possum?

400 455 463 491 De
486 453 604 491 Drusi
625 453 757 499 hortis,
781 453 919 504 quanti
940 453 1096 491 licuisse
1116 460 1158 491 tu
1186 450 1334 499 scribis,
1355 451 1397 491 id
1424 465 1497 502 ego
1518 464 1679 502 quoque

344 518 546 557 audieram
576 526 625 565 et,
649 525 692 556 ut
721 518 872 568 opinor,
896 518 979 556 heri
1008 519 1059 556 ad
1090 525 1128 556 te
1158 517 1389 567 scripseram
1403 531 1414 565 3
1443 518 1513 555 sed
1541 515 1678 567 quanti
1698 530 1715 562 5

345 583 481 633 quanti
503 584 605 622 bene
626 583 768 621 emitur
789 584 898 633 quod
919 597 1080 621 necesse
1100 590 1168 621 est.
1231 581 1344 629 Mihi,
1369 595 1532 632 quoquo
1556 583 1679 620 modo

343 654 385 686 tu
406 647 604 686 existimas
626 648 726 698 (scio
747 648 853 686 enim
875 661 948 698 ego
974 647 1059 698 ipse
1079 647 1176 697 quid
1197 648 1248 686 de
1268 660 1332 685 me
1357 645 1606 698 existimem),
1628 647 1679 685 le-

342 713 448 751 vatio
469 714 664 763 quaedam
687 720 755 759 est,
780 712 811 750 si
832 711 962 750 minus
983 711 1129 750 doloris
1150 719 1189 750 at
1209 711 1313 750 offici
1333 711 1469 750 debiti.

396 779 462 816 Ad
493 777 647 816 Siccam
675 776 822 827 scripsi,
846 778 955 826 quod
984 776 1104 814 utitur
1134 778 1177 814 L.
1202 777 1332 815 Cotta.
1391 775 1431 815 Si
1460 775 1558 814 nihil
1588 789 1679 815 con-

344 842 495 881 ficietur
525 844 574 881 de
601 841 919 888 Transtiberinis,
942 842 1062 879 habet
1091 841 1131 879 in
1159 840 1335 880 Ostiensi
1362 842 1480 880 Cotta
1509 842 1678 880 celeber·
1699 855 1738 877 10

344 907 443 946 rimo
464 910 553 946 loco
579 909 648 946 sed
671 907 856 958 pusillum
877 906 964 953 loci,
987 908 1039 945 ad
1064 908 1167 945 hanc
1194 920 1276 944 rem
1297 913 1431 944 tamen
1451 908 1538 956 plus
1559 906 1677 944 etiam

345 986 464 1023 quam
487 972 589 1010 satis.
652 973 700 1010 Id
721 971 839 1010 velim
859 971 1018 1021 cogites
1079 973 1165 1009 Nec
1190 978 1323 1009 tamen
1347 970 1420 1008 ista
1447 970 1571 1020 pretia
1593 971 1679 1009 hor-

344 1045 473 1076 torum
504 1036 759 1088 pertimueris.
819 1038 905 1074 Nec
925 1036 1022 1074 mihi
1051 1035 1129 1073 iam
1156 1042 1318 1085 argento
1345 1049 1418 1073 nec
1442 1042 1549 1073 veste
1579 1048 1678 1085 opus

345 1109 403 1142 est
434 1116 507 1140 nec
540 1102 779 1151 quibusdam
810 1100 988 1139 amoenis
1019 1100 1141 1147 locis;
1181 1102 1258 1138 hoc
1290 1113 1388 1150 opus
1420 1107 1488 1138 est.
1547 1099 1678 1138 Video

344 1167 463 1206 etiam
494 1180 516 1205 a
540 1166 684 1216 quibus
713 1165 888 1204 adiuvari
918 1165 1077 1215 possim.
1137 1166 1216 1204 Sed
1246 1166 1407 1215 loquere
1436 1178 1527 1202 cum
1558 1163 1736 1212 Silio315

344 1232 442 1270 nihil
467 1232 573 1270 enim
600 1239 659 1270 est
686 1231 837 1269 melius.
898 1229 1089 1269 Mandavi
1114 1230 1232 1268 etiam
1254 1230 1401 1268 Siccae.
1461 1228 1677 1279 Rescripsit

343 1297 603 1336 constitutum
625 1310 665 1335 se
686 1310 778 1334 cum
803 1309 851 1334 eo
877 1296 1034 1334 habere.
1094 1295 1246 1333 Scribet
1272 1294 1387 1345 igitur
1412 1295 1464 1333 ad
1491 1307 1555 1333 me
1581 1293 1678 1344 quid

343 1362 473 1412 egerit,
497 1369 535 1401 et
556 1368 597 1400 tu
617 1360 781 1400 videbis.

387 1508 541 1544 XXIV
662 1510 732 1543 Scr.
750 1510 896 1542 Asturae
909 1511 972 1542 xiii
984 1511 1027 1543 K.
1044 1510 1126 1551 Apr.
1147 1521 1178 1542 a.
1199 1521 1258 1553 709
1277 1511 1360 1554 (45).

752 1598 923 1630 CICERO
952 1599 1136 1631 ATTICO
1166 1599 1273 1632 SAL.
1699 1609 1741 1632 20

307 1703 326 1730 1
399 1692 509 1728 Bene
548 1688 640 1728 fecit
674 1690 721 1727 A.
755 1688 872 1726 Silius
911 1687 979 1738 qui
1018 1688 1255 1739 transegerit.
1315 1690 1459 1739 Neque
1498 1688 1603 1728 enim
1643 1687 1680 1727 ei

344 1756 482 1794 deesse
510 1754 694 1793 volebam
725 1760 763 1792 et
792 1752 889 1803 quid
918 1766 1076 1803 possem
1107 1754 1307 1793 timebam.
1369 1757 1431 1793 De
1460 1754 1560 1793 Ovia
1589 1767 1680 1792 con-

344 1821 429 1866 fice,
464 1827 506 1858 ut
540 1818 687 1857 scribis.
760 1820 822 1856 De
855 1817 1048 1857 Cicerone
1083 1825 1238 1869 tempus
1273 1833 1358 1858 esse
1389 1819 1466 1857 iam
1501 1819 1679 1866 videtur3

347 1887 416 1925 sed
444 1898 599 1935 quaero,
624 1883 734 1933 quod
761 1882 815 1920 illi
842 1896 942 1932 opus
963 1882 1044 1929 erit,
1068 1883 1236 1922 Athenis
1264 1884 1528 1934 permutarine
1556 1883 1680 1934 possit

347 1965 397 1990 an
429 1950 503 2000 ipsi
536 1949 744 1987 ferendum
779 1947 838 1994 sit,
864 1949 915 1986 de
950 1955 1110 1997 totaque
1144 1962 1184 1986 re
1216 1962 1335 1998 quem
1364 1951 1415 1988 ad
1446 1951 1611 1987 modum
1642 1955 1681 1988 et
1702 1964 1739 1996 25

349 2017 510 2067 quando
531 2016 684 2065 placeat
704 2012 822 2051 velim
849 2011 1085 2051 consideres.
1146 2014 1338 2052 Publilius
1365 2014 1540 2052 iturusne
1565 2014 1613 2052 sit
1640 2013 1680 2051 in

350 2081 524 2120 Africam
551 2086 589 2118 et
610 2079 773 2129 quando
799 2091 846 2116 ex
866 2077 1010 2116 Aledio
1034 2077 1132 2116 scire
1158 2078 1315 2128 poteris.
1375 2080 1550 2128 Quaeras
1571 2086 1609 2117 et
1629 2079 1681 2117 ad

397 2195 410 2214 1
438 2183 575 2215 Gamala
594 2182 663 2213 Cv.
684 2192 706 2213 c.
727 2175 793 2212 Zb:
819 2181 948 2219 magala
974 2186 1025 2212 A:
1051 2182 1195 2220 magalia
1220 2182 1288 2212 ΕΡ
1438 2194 1459 2222 9
1482 2183 1682 2214 conficietur

351 2227 456 2258 Pius:
480 2227 706 2257 conficeretur
722 2224 810 2255 codd.
915 2235 953 2254 12
976 2235 1075 2263 quam
1097 2220 1290 2257 CZbORP:
1314 2236 1380 2258 om.
1400 2230 1429 2256 Δ
1522 2236 1558 2264 13
1586 2227 1594 2243 ί
1610 2227 1680 2257 Nec

352 2271 434 2301 mihi
452 2275 519 2301 tam
537 2274 679 2308 argento
705 2279 766 2299 nec
792 2273 887 2298 veste
912 2278 997 2307 opus
1022 2272 1074 2298 est
1097 2267 1229 2308 <neque
1254 2269 1395 2312 bubus>’
1413 2280 1511 2309 quam
1529 2270 1679 2301 amoenis

351 2314 444 2351 locis,
465 2314 471 2329 ⁶
486 2314 560 2342 Hoc
572 2323 658 2351 opus
676 2317 726 2342 est
741 2311 747 2323 '
766 2311 933 2351 Pluygers⁷
955 2311 1013 2350 qni
1026 2311 1135 2342 Lucili
1148 2324 1260 2344 versus
1275 2324 1308 2343 se
1322 2313 1440 2343 eruisse
1450 2317 1550 2353 putat
1642 2323 1678 2353 17

351 2358 484 2388 Scribet
500 2356 597 2386 Rom.
616 2367 621 2386 :
646 2355 760 2385 scribit
778 2354 818 2383 M
904 2365 945 2393 24
969 2365 1055 2394 opus
1070 2356 1132 2386 erit
1150 2356 1305 2394 Athenis,
1326 2357 1556 2396 permutarine
1574 2357 1679 2395 vulg:

351 2411 380 2433 ο.
401 2400 475 2439 erit,
492 2399 649 2430 Athenas
667 2408 697 2438 p.
717 2398 796 2429 com'.
813 2397 898 2427 Reid
1026 2399 1068 2428 26
1093 2399 1256 2431 Publilius
1274 2400 1395 2430 Rosius
1411 2411 1418 2431 :
1444 2400 1581 2430 Publius
1600 2399 1641 2429 M
