1827 2798
102 84 211 121 XVI.
231 84 308 121 xiv
633 84 687 119 M.
720 83 887 119 TVLLI
920 82 1226 121 CICERONIS

217 407 233 432 1

301 214 409 250 XIV
457 217 525 248 Ser.
543 217 577 246 in
595 216 627 245 A
633 216 756 255 ›pinati
772 214 876 245 nwdio
894 225 1002 245 mense
1011 214 1192 246 Novembri
1204 226 1234 246 a.
1257 225 1314 255 710
1333 217 1420 256 (44).

665 301 837 332 CICERO
868 301 1049 333 ATTICO
1080 302 1187 334 SAL.

310 392 420 430 Nihil
454 399 535 430 erat
569 392 685 441 plane
720 391 828 440 quod
864 389 1086 429 scriberem.
1155 393 1258 430 Nam
1294 406 1385 431 curn
1421 394 1594 433 Puteolis

253 471 392 504 essem,
416 456 561 496 cotidie
586 456 737 506 aliquid
766 456 855 494 novi
878 457 929 494 de
951 457 1182 504 Octaviano,
1207 459 1330 496 multa
1354 458 1472 497 etiam
1500 460 1594 497 falsa

254 525 304 562 de
325 523 513 562 Antonio.
573 524 638 561 Ad
666 536 712 560 ea
740 525 871 560 autem
905 537 1005 571 quae
1033 523 1220 573 scripsisti
1246 524 1328 575 (tris
1356 525 1461 563 enim
1488 539 1595 563 acce-

255 601 386 638 peram
410 600 455 625 111
475 588 571 626 Idus
591 601 614 625 a
630 595 668 626 te
688 586 904 638 epistulas),
921 588 1034 625 valde
1052 587 1122 626 tibi
1143 588 1356 637 adsentior,
1373 589 1404 627 si
1426 591 1593 628 multum

255 653 377 703 possit
399 652 651 699 Octavianus,
675 654 800 690 multo
828 652 976 690 firmius
1004 660 1091 690 acta
1112 653 1264 702 tyranni
1292 656 1592 704 comprobatum

256 717 298 755 iri
331 731 449 768 quam
489 717 528 755 in
567 717 735 755 Telluris
767 725 885 766 atque
925 717 964 755 id
1000 726 1135 755 contra
1172 720 1335 756 Brutum
1371 721 1462 757 fore.
1528 720 1594 758 Sin

256 790 387 821 autem
409 782 586 828 vincitur,
605 782 714 820 vides
736 781 1022 820 intolerabilem
1044 783 1279 829 Antonium,
1300 792 1341 821 ut
1362 798 1479 833 quem
1502 785 1595 823 velis

214 862 238 887 2
259 847 419 886 nescias.
481 848 517 886 O
539 846 639 885 Sesti
661 846 904 884 tabellarium
934 846 1138 885 hominem
1166 851 1361 897 nequam!
1402 848 1594 888 Postridie

216 1376 238 1411 3

211 1635 236 1671 4

260 912 432 951 Puteolis
462 914 615 951 Romae
645 926 686 950 se
716 912 812 950 dixit
843 914 933 950 sore.
996 913 1117 960 Quod
1148 926 1211 951 me
1242 926 1379 951 mones
1409 921 1451 951 ut
1480 915 1595 964 pede-

258 977 448 1027 temptim,
465 977 688 1025 adsentiorg
713 977 783 1015 etsi
800 977 910 1015 aliter
926 976 1159 1027 cogitabam.
1207 979 1292 1016 Nec
1314 991 1376 1016 me
1391 978 1596 1029 Philippus

256 1051 323 1081 aut
347 1044 556 1080 Marcellus
586 1050 726 1080 movet.
787 1042 875 1080 Alia
903 1041 1007 1079 enim
1036 1055 1172 1080 eorum
1197 1042 1294 1080 ratio
1315 1048 1370 1080 est
1387 1050 1435 1090 et,
1459 1043 1490 1081 si
1516 1058 1594 1081 non

258 1116 326 1155 est,
355 1116 486 1146 tamen
517 1107 679 1146 videtur.
740 1109 817 1145 Sed
850 1107 889 1145 in
920 1107 995 1145 isto
1025 1107 1175 1154 iuvene,
1205 1120 1446 1157 quamquam
1475 1108 1595 1146 animi

259 1174 363 1221 satis,
379 1173 620 1212 auctoritatis
641 1186 777 1223 parum
800 1181 868 1211 est.
923 1174 1077 1210 Tamen
1098 1172 1197 1219 vide,
1217 1172 1248 1210 si
1270 1174 1367 1211 forte
1388 1173 1427 1210 in
1449 1175 1597 1211 Tuscu-

259 1241 349 1277 lano
379 1246 483 1276 recte
513 1252 598 1276 esse
628 1251 801 1288 possum,
831 1252 880 1276 ne
912 1237 951 1275 id
985 1237 1124 1275 melius
1156 1236 1214 1275 sit.
1276 1239 1355 1275 Ero
1387 1237 1596 1276 libentius:

260 1303 354 1341 nihil
376 1303 481 1342 enim
503 1302 702 1352 ignorabo.
763 1304 827 1340 An
848 1302 922 1348 hic,
947 1315 1037 1340 cum
1060 1301 1258 1339 Antonius
1278 1302 1459 1341 venerit?

313 1369 402 1415 Sed,
430 1376 471 1406 ut
497 1367 605 1405 aliud
637 1380 683 1405 ex
712 1366 799 1413 alio,
830 1366 926 1404 mihi
958 1380 1039 1404 non
1073 1374 1130 1404 est
1163 1366 1329 1405 dubium
1360 1366 1456 1416 quin
1488 1369 1595 1417 quod

259 1433 398 1472 Graeci
422 1433 592 1482 καθῆκον,
615 1446 687 1470 nos
708 1432 925 1469 ‘officium’
982 1433 1030 1469 Id
1051 1439 1182 1469 autem
1206 1432 1301 1481 quid
1322 1432 1480 1470 dubitas
1501 1432 1594 1482 quin

257 1499 374 1537 etiam
403 1498 441 1536 in
470 1512 550 1536 rem
579 1497 779 1547 publicam
805 1499 1000 1547 praeclare
1027 1499 1213 1535 caderet?
1262 1499 1407 1535 Nonne
1428 1497 1596 1535 dicimus
1617 1510 1632 1530 2

260 1570 268 1583 ⁴
284 1565 491 1602 consulum
514 1562 698 1610 officium,
722 1569 880 1600 senatus
902 1562 1086 1609 officium,
1108 1561 1352 1612 imperatoris
1373 1561 1545 1600 officium
1560 1563 1597 1599 Ῥ

259 1631 458 1667 Praeclare
480 1628 664 1667 convenit
679 1643 689 1675 3
715 1636 782 1666 aut
803 1629 854 1666 da
876 1628 1025 1666 melius.
1085 1629 1192 1666 Male
1214 1641 1344 1665 narras
1365 1628 1415 1665 de
1430 1627 1596 1677 Nepotis

258 1694 347 1732 filio.
391 1695 517 1732 Valde
539 1707 602 1732 me
625 1695 783 1732 hercule
806 1707 966 1732 moveor
988 1701 1026 1731 et
1049 1694 1213 1731 moleste
1234 1694 1324 1730 fero.
1368 1691 1594 1730 Nescieram

257 1759 420 1798 omnino
450 1773 535 1797 esse
565 1759 682 1797 istum
710 1773 887 1809 puerum.
949 1758 1161 1798 Caninium
1189 1757 1358 1807 perdidi,
1379 1757 1593 1804 hominem,

257 1826 365 1875 quod
389 1826 439 1863 ad
465 1839 527 1863 me
553 1824 701 1871 attinet,
726 1839 806 1863 non
831 1824 1036 1875 ingratum.
1096 1824 1400 1862 Athenodorum
1421 1823 1517 1860 nihil
1538 1831 1594 1861 est

258 1892 367 1941 quod
391 1892 555 1928 hortere.
616 1890 728 1928 Misit
755 1890 860 1929 enim
889 1889 983 1927 satis
1010 1890 1158 1927 bellum
1186 1890 1394 1938 ὑπόμνημα.
1455 1889 1596 1926 Grave-

258 1955 352 1999 dini,
368 1969 526 2005 quaeso,
545 1955 655 1993 omni
676 1955 826 1993 ratione
847 1953 1023 1993 subveni.
1074 1953 1148 1991 Avi
1170 1952 1225 1991 tui
1247 1965 1444 2002 pronepos
1464 1951 1596 1990 scribit

259 2023 309 2059 ad
336 2020 454 2071 patris
482 2020 559 2059 mei
588 2028 774 2071 nepotem
806 2034 846 2058 se
876 2034 922 2058 ex
951 2018 1078 2057 Nonis
1106 2018 1152 2056 iis
1183 2017 1326 2067 quibus
1354 2030 1426 2055 nos
1456 2030 1596 2066 magna

259 2085 449 2136 gessimus
492 2087 634 2125 aedem
676 2085 774 2136 Opis
821 2084 1105 2135 explicaturum
1143 2083 1264 2134 idque
1302 2084 1353 2122 ad
1392 2083 1593 2133 populum.

260 2150 425 2189 Videbis
455 2150 569 2201 igitur
599 2158 637 2189 et
666 2150 822 2189 scribes.
888 2149 992 2188 Sexti
1023 2148 1213 2187 iudicium
1243 2155 1438 2199 exspecto.

305 2265 323 2292 4
347 2254 434 2284 salsa
451 2254 539 2284 Koclz
706 2264 745 2293 13
770 2259 822 2284 est
839 2253 913 2284 add.
950 2252 1139 2293 H'esenberg
1325 2253 1363 2282 16
1387 2263 1429 2282 ne
1447 2251 1496 2292 id]
1518 2252 1595 2282 idne

261 2298 340 2328 roni.
360 2303 411 2337 ap.
432 2297 553 2328 Lamb.
761 2307 803 2328 20
826 2298 968 2337 quadret
986 2297 1112 2327 Muller
1315 2306 1353 2327 21
1380 2295 1596 2335 imperatoris

262 2341 404 2414 ‹ilfficium
434 2341 542 2372 Crat.:
569 2351 635 2372 om.
660 2344 714 2372 ΣΔ
848 2351 887 2381 27
912 2340 978 2371 Avi
1007 2339 1180 2372 Muretus:
1203 2339 1259 2379 qui
1277 2338 1341 2371 M:
1374 2339 1522 2378 Quintus
1542 2339 1595 2370 avi

296 2395 406 2415 rsmus

1616 534 1632 566 5

1618 860 1656 882 10

1617 1833 1655 1864 ²5

1618 2157 1657 2187 30
