1827 2798
574 153 686 190 EPP.
719 153 796 190 AD
827 152 1085 191 ATTICVM
1357 152 1476 189 XIII.
1500 150 1641 188 xxxiii

167 272 329 314 uterque
349 270 524 302 nostrum
548 263 654 314 cupit
670 278 680 311 ‚-
709 264 778 302 sed
799 263 870 301 ista
892 276 950 301 res
971 264 1080 302 nullo
1100 263 1221 301 modo
1238 261 1495 312 relinquenda

165 337 233 367 cst.
293 329 495 367 Othonem
526 329 634 378 quod
664 341 794 378 speras
824 341 939 378 posse
966 327 1069 366 vinci
1098 341 1192 366 sane
1221 328 1322 366 bene
1352 341 1492 366 narras.

169 396 228 432 De
261 393 546 440 aestimatione,
583 401 624 431 ut
658 392 805 439 scribis,
842 406 931 431 cum
963 406 1076 442 agere
1110 392 1381 442 coeperimus3
1423 391 1495 431 etsi

165 458 261 496 nihil
300 458 452 508 scripsit
490 457 564 495 nisi
602 459 652 496 de
691 458 812 495 modo
849 456 939 507 agri.
999 458 1102 496 Cum
1138 457 1291 503 Pisone,
1328 456 1358 494 si
1397 457 1493 507 quid

127 539 141 568 5
165 521 318 573 poterit.
384 521 615 560 Dicaearchi
663 521 805 559 librum
852 521 988 571 accepi
1035 530 1073 559 et
1120 523 1362 572 καταβάσεως
1409 526 1494 560 †ex-

111 865 146 888 10

108 1648 145 1670 20

165 591 337 638 specto†.

221 652 239 671 *
274 652 291 672 '²‘
325 651 342 671 *
374 651 575 702 negotium
597 650 763 697 dederis,
785 650 950 701 reperiet
976 664 1022 689 ex
1051 664 1099 689 eo
1122 650 1222 690 libro
1242 650 1282 689 in
1303 664 1382 701 quo
1403 658 1493 689 sunt
1512 656 1535 693 3

165 725 323 756 senatus
351 718 530 755 consulta
550 717 623 756 Cn.
643 715 829 755 Cornelio
854 717 897 754 L.
919 717 1114 754 spsummio
1133 729 1231 754 coss.
1293 718 1354 754 De
1374 715 1495 754 Tudi-

165 790 259 821 tano
291 790 424 821 autem
455 783 564 832 quod
597 789 722 832 putas,
755 783 910 834 εὔλογον
939 788 997 819 est
1031 788 1114 819 tum
1153 781 1273 827 illum,
1308 780 1494 830 quoniam

165 848 237 886 fuit
256 849 307 886 ad
329 847 565 888 Corinthum
595 848 691 894 (non
718 846 823 885 enim
850 854 996 885 temere
1023 846 1118 884 dixit
1140 845 1407 897 Hortensius),
1429 852 1496 883 aut

166 921 415 964 quaestorem
446 918 518 950 aut
548 912 748 950 tribunum
783 911 862 950 mil.
895 911 1023 957 fuisse,
1054 911 1173 961 idque
1204 911 1334 961 potius
1363 912 1493 949 credo.

165 980 229 1016 Tu
263 979 314 1016 de
352 977 553 1016 Antiocho
598 976 695 1015 scire
739 976 883 1027 poteris
923 976 1036 1017 'tvide
1074 976 1227 1022 etiam†‚
1269 989 1348 1025 quo
1390 989 1495 1014 anno

165 1050 349 1092 quaestor
381 1049 448 1080 aut
477 1041 656 1080 tribunus
687 1040 765 1078 mil.
797 1040 937 1088 fuerit3
977 1040 1009 1078 si
1040 1048 1220 1078 neutrum
1252 1045 1321 1079 πιθα
1350 1041 1426 1081 de†
1455 1040 1494 1078 in
1546 1064 1548 1066 -

165 1107 370 1158 praefectis
398 1121 449 1145 an
478 1107 518 1145 in
547 1106 894 1145 contubernalibus
928 1105 1052 1152 fuerit,
1085 1106 1206 1143 modo
1235 1104 1348 1144 fuerit
1377 1105 1417 1143 in
1446 1118 1494 1144 eo

166 1174 281 1212 bello.

208 1319 415 1355 XXXIII
429 1331 452 1354 a.
490 1322 562 1354 Scr.
585 1323 619 1353 in
640 1321 826 1353 Tusculano
843 1321 950 1354 viiId.
974 1321 1084 1362 Quint.
1105 1332 1134 1353 cz.
1154 1331 1213 1362 709
1233 1321 1313 1362 (45).

570 1410 743 1441 CICERO
773 1409 957 1440 ATTICO
985 1409 1091 1442 SAL.

220 1502 282 1539 De
302 1502 478 1538 Varrone
507 1499 791 1549 loquebamur:
826 1501 940 1549 lupus
970 1499 1009 1538 in
1039 1501 1180 1539 fabula.
1239 1500 1358 1539 Venit
1388 1499 1493 1539 enim
1512 1512 1530 1539 1
1550 1500 1603 1543 (4)

163 1566 214 1605 ad
236 1579 298 1604 me
319 1573 356 1604 et
377 1565 539 1615 quidem
560 1564 601 1603 id
622 1564 808 1614 temporis
835 1572 878 1602 ut
904 1564 1131 1603 retinendus
1152 1574 1263 1604 esset.
1323 1567 1400 1604 Sed
1421 1579 1494 1615 ego

165 1631 216 1670 ita
245 1630 306 1681 egi
335 1638 378 1669 ut
407 1644 488 1668 non
518 1630 738 1668 scinderem
768 1631 989 1680 paenulam.
1049 1630 1217 1668 Memini
1247 1629 1352 1668 enim
1383 1637 1492 1668 tuum

167 1697 239 1734 ‘Et
278 1695 391 1734 multi
428 1703 538 1734 erant
576 1708 728 1745 nosque
766 1694 968 1745 imparati.’
1026 1695 1134 1743 Quid
1172 1697 1315 1733 refert?
1372 1696 1495 1733 Paulo

164 1768 252 1812 post
283 1762 327 1801 C.
354 1760 497 1811 Capito
526 1774 616 1799 cum
647 1762 693 1798 T.
723 1759 935 1799 Carrinate.
1006 1761 1163 1797 Horum
1193 1773 1266 1809 ego
1295 1759 1357 1797 vix
1386 1758 1494 1809 attigi

207 1877 226 1906 5
251 1866 380 1906 poteris
397 1865 551 1896 Schmidt
632 1869 708 1906 post
723 1865 846 1895 librum
873 1864 1025 1895 excidisse
1050 1863 1117 1903 περὶ
1144 1863 1248 1901 ψυχῆς
1273 1863 1350 1893 coni.
1371 1861 1491 1893 Lamb.

164 1910 345 1950 exspecto]
376 1910 427 1940 De
461 1909 587 1949 Spurio
621 1909 648 1939 si
681 1909 734 1939 cui
761 1910 852 1947 (cum
884 1908 1101 1947 sequentihus)
1133 1906 1286 1937 Schmidt
1384 1916 1400 1944 7
1421 1909 1494 1945 post

166 1958 327 1992 exspecto
353 1953 501 1983 excidisse
517 1953 587 1991 sere
613 1954 672 1983 hoc
697 1953 746 1982 De
772 1962 793 1982 x
822 1953 941 1991 legatis
969 1952 1143 1981 Antiocho
1165 1951 1350 1989 suspicatur
1369 1949 1492 1979 Schit'lz

165 1997 184 2026 8
211 1997 371 2027 Mummio
388 1997 463 2027 add.
479 1995 572 2027 Man.
710 2007 730 2034 9
754 1995 929 2035 quoniam]
949 2005 1022 2025 cum
1045 1994 1233 2033 lVesezzberg
1374 2003 1412 2022 10
1435 1998 1491 2023 aut

165 2046 379 2079 quaestorem
397 2045 452 2070 aut
468 2041 636 2069 tribunum
655 2039 794 2069 rnilitum
814 2039 907 2070 Man.
928 2049 934 2068 :
969 2040 1009 2068 ad
1027 2042 1239 2077 quaestorem
1263 2035 1332 2065 TR.
1378 2036 1490 2074 nilque

167 2083 214 2112 M¹
238 2083 297 2117 {nil
312 2082 381 2121 M2)
490 2093 525 2112 11
553 2083 666 2121 fuisse,
683 2083 782 2121 idque
800 2083 913 2121 potius
930 2082 1042 2111 credo.
1091 2081 1141 2111 Tu
1158 2081 1199 2110 de
1213 2079 1363 2109 Ernesti:
1388 2078 1488 2117 idque

167 2127 279 2165 potius
297 2127 409 2156 fuisse.
443 2127 504 2156 sed
522 2126 623 2155 credo
639 2130 672 2155 te
691 2127 732 2156 de
746 2125 793 2165 M,
808 2129 837 2155 et
853 2126 895 2155 ita
912 2124 1063 2154 Schmidt
1078 2124 1171 2153 sedis
1188 2128 1222 2153 tu
1236 2127 1297 2161 pro
1315 2127 1361 2152 te:
1389 2123 1490 2160 idque

166 2170 278 2208 potius
297 2171 397 2200 fuisse
416 2170 528 2199 credo.
581 2169 631 2198 Tu
650 2170 691 2199 de
709 2169 797 2209 vulg.
1003 2177 1041 2197 12
1065 2168 1196 2197 Antaeo
1215 2165 1300 2196 Reid
1312 2166 1378 2195 coll.
1399 2176 1451 2203 44.
1468 2175 1488 2203 3

166 2214 243 2243 vide
273 2213 372 2243 etiarn
398 2213 677 2252 transponendum
703 2216 776 2242 ante
801 2212 832 2241 in
859 2211 1040 2250 praefectis
1066 2211 1144 2241 coni.
1186 2210 1292 2240 Boot:
1331 2209 1490 2238 videlicet

165 2255 338 2287 Schmidt:
377 2256 535 2286 videlicet
571 2257 669 2285 etiam
706 2255 846 2285 Gnrlitt:
885 2255 960 2284 vide
1000 2255 1100 2284 etiam
1134 2259 1233 2292 atque
1258 2252 1358 2282 etiam
1393 2252 1494 2282 Orelli

172 2310 208 2338 13
232 2311 272 2330 ea
292 2301 333 2330 de
351 2299 406 2330 M:
437 2300 602 2337 cadatsetjx
622 2297 727 2328 ZOlL
747 2299 886 2338 rmmgs
903 2309 930 2329 v.
945 2309 965 2328 e.
984 2309 991 2327 τ
1016 2299 1133 2327 eadem
1154 2297 1215 2327 0²:
1241 2297 1361 2326 eodem
1375 2295 1488 2326 Mam:

166 2344 308 2382 quadret
341 2343 480 2373 Rosius:
516 2344 593 2372 vide
626 2352 669 2372 ne
702 2341 859 2382 Madvig:
900 2342 1019 2372 saltem
1050 2340 1191 2370 Gurlitt:
1225 2350 1305 2369 erue
1338 2339 1492 2368 Allareclzt

171 2397 207 2424 14
231 2397 274 2417 an
295 2387 434 2417 Hosius:
458 2391 514 2416 aut
532 2385 574 2415 M
679 2396 721 2416 20
746 2386 881 2416 Memini
901 2385 990 2415 enim
1008 2389 1100 2415 tuum
1120 2386 1173 2425 (sc.
1192 2383 1314 2414 dictum
1336 2382 1491 2412 ‘scindere

163 2430 344 2469 paenulam
357 2430 414 2471 ‘)—
426 2430 553 2460 etenim
572 2429 663 2460 multi
682 2428 767 2459 Reid
