1827 2798
586 168 700 205 EPP.
731 167 808 205 AD
838 165 1098 205 ATTICVM
1401 164 1497 201 XII.
1520 162 1581 199 vii

171 276 294 326 magis
319 276 549 316 liberalitate
575 277 631 316 uti
658 291 745 316 mea
771 291 890 327 quarn
914 290 984 315 sua
1009 276 1197 315 libertate.
1258 276 1336 314 Sed
1365 282 1498 313 tamen

171 341 328 392 permisi
343 356 353 389 3
382 341 453 380 tibi
473 342 580 380 enim
600 341 866 381 intellexeram
886 356 967 381 non
994 341 1110 379 nimis
1135 340 1352 391 displicere.
1413 341 1499 389 Ego

172 405 289 445 etiam
327 414 446 455 atque
480 406 598 444 etiam
632 406 815 456 cogitabo
852 414 970 456 teque
1008 414 1050 444 ut
1088 405 1194 444 idem
1234 404 1352 443 facias
1391 418 1496 454 rogo.

175 471 321 520 Magna
347 485 407 510 res
434 479 492 510 est
506 486 517 520 3
546 471 711 522 simplex
737 478 796 510 est
819 484 988 518 manere,
1010 470 1108 509 illud
1135 482 1291 519 anceps.
1350 471 1499 508 Verum

135 549 153 581 5
171 535 404 575 videbimus.

228 603 290 640 De
316 603 442 641 Balbo
465 610 503 641 et
529 602 570 641 in
596 601 787 640 codicillis
814 600 1043 651 scripseram
1070 607 1110 639 et
1137 599 1192 638 ita
1220 599 1361 649 cogito,
1384 599 1500 637 simul
1518 606 1542 634 2

173 680 219 705 ac
245 667 412 706 redierit.
471 667 539 705 Sin
566 667 630 705 ille
654 666 812 714 tardius,
842 680 915 716 ego
942 674 1076 705 tamen
1102 665 1287 713 triduum,
1313 672 1363 712 et,
1392 665 1501 715 quod

172 731 363 781 praeterii,
386 732 596 771 Dolabella
615 730 734 771 etiam
754 744 923 771 mecum.

215 880 335 917 VIII
411 884 482 917 Ser.
501 885 536 916 in
559 884 744 916 Tusculano
761 895 805 916 fn.
824 885 929 916 intere.
944 888 1028 926 post.
1049 895 1080 916 a.
1102 886 1164 925 708
1180 883 1268 926 (46).

118 981 157 1003 10
588 972 759 1004 CICERO
780 972 963 1003 ATTICO
984 971 1088 1003 SAL.

230 1059 293 1096 De
314 1056 507 1097 Cicerone
527 1057 659 1096 multis
679 1071 739 1096 res
760 1060 898 1107 placet.
950 1058 1097 1097 Comes
1118 1065 1176 1096 est
1196 1056 1374 1096 idoneus.
1424 1059 1503 1097 Sed

177 1125 226 1162 de
247 1122 372 1173 prima
391 1122 581 1172 pensione
601 1130 692 1160 ante
711 1122 926 1160 videamus.
985 1123 1112 1160 Adest
1136 1122 1241 1161 enirn
1266 1122 1349 1161 dies
1377 1130 1414 1161 et
1438 1123 1503 1162 ille

177 1188 303 1226 currit.
363 1187 507 1234 Scribe,
534 1200 691 1237 quaeso,
718 1187 814 1237 quid
841 1188 980 1226 referat
1002 1188 1116 1226 Celer
1142 1187 1266 1237 egisse
1295 1188 1503 1227 Caesarem

177 1266 267 1291 curn
289 1251 519 1299 candidatis,
543 1259 672 1290 utrum
694 1252 777 1302 ipse
804 1252 844 1290 in
871 1252 1143 1291 fenicularium
1169 1266 1220 1290 an
1247 1251 1287 1289 in
1315 1252 1503 1290 Martium

117 1334 157 1366 15
178 1331 362 1368 campum
383 1317 536 1368 cogitet.
596 1319 648 1356 Et
668 1317 765 1356 scire
789 1331 883 1357 sane
906 1318 1024 1356 velim
1048 1316 1243 1368 numquid
1269 1330 1429 1355 necesse
1456 1317 1504 1356 sit

178 1382 345 1422 comitiis
375 1397 460 1421 esse
490 1385 655 1422 Romae.
714 1384 819 1422 Nam
849 1390 888 1423 et
917 1382 1038 1422 Piliae
1068 1382 1159 1422 satis
1188 1381 1414 1422 faciendum
1446 1390 1504 1422 est

177 1457 216 1488 et
235 1448 371 1500 utique
390 1447 556 1488 Atticae.

219 1601 287 1636 IX
498 1602 568 1635 Ser.
588 1602 735 1634 Asturae
751 1603 783 1634 vi
796 1602 841 1634 K.
859 1602 948 1634 Sext.
969 1613 1000 1635 a.
1024 1613 1082 1644 709
1103 1603 1184 1645 (45).

591 1690 764 1722 CICERO
786 1690 972 1722 ATTICO
994 1689 1099 1722 SAL.

121 1799 161 1820 20
232 1783 295 1821 Ne
315 1795 388 1832 ego
408 1794 535 1820 essem
556 1779 620 1818 hic
640 1779 807 1818 libenter
826 1787 945 1829 atque
965 1779 1006 1817 id
1026 1778 1172 1818 cotidie
1192 1778 1325 1830 magis,
1344 1778 1383 1817 ni
1405 1785 1507 1818 esset

179 1861 225 1886 ea
253 1860 371 1886 causa
393 1860 512 1897 quam
540 1845 611 1884 tibi
638 1844 903 1896 superioribus
929 1844 1064 1883 litteris
1091 1844 1237 1895 scripsi.
1296 1844 1405 1883 Nihil
1432 1846 1506 1883 hac

179 1912 390 1952 solitudine
424 1911 646 1959 iucundius,
682 1911 757 1950 nisi
790 1912 952 1962 paulum
990 1910 1275 1961 interpellasset
1308 1912 1505 1960 Amyntae

180 1977 292 2015 filius.
341 1977 393 2014 ’Ὼ
423 1979 735 2029 ἀπεραντολογίας
758 1977 911 2026 ἅηδοῦςῐ
969 1977 1110 2016 Cetera
1134 1976 1215 2014 noli
1240 1983 1377 2025 putare
1403 1989 1505 2013 arna—

178 2041 318 2080 biliora
343 2041 425 2080 fieri
454 2055 569 2092 posse
593 2042 694 2090 villa,
716 2042 838 2089 litore,
866 2049 1075 2092 prospectu
1102 2040 1228 2087 maris,
1252 2040 1422 2086 tumulis,
1446 2040 1505 2078 his

122 2119 161 2151 25
180 2107 295 2145 rebus
322 2106 518 2145 omnibus.
577 2108 655 2145 Sed
682 2120 811 2156 neque
838 2108 935 2144 haec
959 2106 1077 2156 digna
1102 2104 1345 2155 longioribus
1371 2104 1507 2142 litteris

180 2184 253 2210 nec
274 2178 355 2209 erat
375 2172 483 2221 quod
504 2170 725 2218 scriberem,
747 2178 786 2209 et
806 2184 968 2209 somnus
989 2170 1161 2220 urgebat.

228 2285 266 2314 14
290 2274 562 2305 Foenicularium
584 2273 774 2314 Wesenberg
884 2275 923 2304 16
947 2278 979 2303 et
997 2273 1101 2304 Piliae
1118 2273 1155 2303 I:
1180 2273 1300 2313 cepilie
1318 2273 1360 2303 M
1465 2282 1508 2311 23

182 2319 338 2350 Ceterum
356 2317 479 2348 Srhic‘tz
567 2328 608 2356 24
633 2317 713 2348 villa
729 2317 816 2357 vulg.
831 2328 838 2349 z
863 2316 931 2348 ulla
948 2316 989 2346 M
1002 2316 1153 2347 Schmidt
1241 2317 1352 2350 maris„
1372 2316 1508 2347 tumulis

184 2363 266 2393 (sine
289 2361 355 2400 his)
374 2360 551 2392 Lehmann
576 2361 641 2393 coll.
669 2361 736 2392 xiv.
759 2371 806 2400 13.
828 2370 841 2390 1
859 2371 866 2392 :
893 2361 995 2393 maris
1014 2365 1084 2392 tum
1102 2360 1142 2391 iis
1157 2359 1218 2391 M:
1247 2361 1437 2400 maritumo,
1456 2360 1508 2390 his

182 2405 274 2445 Reid,
285 2405 365 2444 sort.
386 2408 461 2435 recte
