1827 2798
558 173 670 211 EPP.
702 173 780 210 AD
810 172 1069 212 ATTICVM
1363 171 1482 208 XIII.
1502 169 1578 206 xix

206 280 463 331 Ligarianam,
495 289 538 321 ut
566 283 693 329 video,
726 285 921 334 praeclare
949 282 1158 322 auctoritas
1189 289 1256 320 tua
1285 294 1483 320 commen·
1500 290 1524 317 2

152 345 268 384 davit.
327 346 488 397 Scripsit
517 348 622 386 enim
652 350 702 386 ad
733 362 795 387 me
824 349 970 387 Balbus
1000 356 1038 386 et
1068 347 1222 398 Oppius
1252 345 1412 384 mirifice
1442 359 1484 384 se

152 411 317 460 probare
338 412 391 449 ob
411 425 578 462 eamque
599 426 757 450 causam
781 414 831 451 ad
853 414 1062 452 Caesarem
1084 425 1171 450 eam
1198 425 1239 450 se
1266 410 1484 449 oratiuncu-

152 476 230 513 lam
252 475 412 514 misisse.
473 479 567 515 Hoc
587 477 701 526 igitur
721 477 825 516 idem
847 484 888 515 tu
910 476 1006 514 mihi
1025 483 1141 515 antea
1161 475 1378 526 scripseras.

115 551 133 584 5
208 541 256 577 In
273 542 449 579 Varrone
475 541 548 579 ista
572 555 688 580 causa
718 555 780 580 me
810 555 890 580 non
920 548 1094 580 moveret
1120 555 1169 579 ne
1189 540 1339 579 viderer
1360 540 1483 589 φιλέν-
1502 549 1527 586 3

154 606 259 652 δοξος
290 606 363 656 (sic
396 607 501 644 enim
540 607 820 646 constitueram
859 607 1059 645 neminem
1098 606 1299 645 includere
1333 605 1373 643 in
1406 606 1485 644 dia-

154 672 264 720 logos
294 684 429 709 eorum
451 671 517 721 qui
538 671 728 724 viverent)
745 687 755 720 3
794 674 863 711 sed
891 672 983 722 quia
1007 672 1138 710 scribis
1163 678 1201 709 et
1228 670 1436 709 desiderari
1462 682 1486 707 a

156 737 331 774 Varrone
363 743 400 774 et
435 737 565 787 magni
595 736 703 775 illum
737 737 953 784 aestimare,
985 750 1052 775 eos
1086 735 1239 775 confeci
1269 742 1307 774 et
1336 733 1487 773 absolvi

157 800 291 838 nescio
320 814 439 850 quam
469 801 580 849 bene,
611 803 680 841 sed
709 802 762 840 ita
790 809 969 840 accurate
998 808 1040 839 ut
1070 800 1166 838 nihil
1195 806 1327 850 posset
1358 812 1484 848 supra,

102 878 138 899 10
158 865 439 903 Academicam
470 879 630 905 omnem
660 866 932 917 quaestionem
963 865 1070 904 libris
1100 872 1292 915 quattuor.
1353 866 1401 902 In
1431 863 1486 902 eis

158 943 259 980 quae
293 938 401 968 erant
431 938 566 969 contra
599 933 857 982 ἀκαταληψίαν
889 932 1085 981 praeclare
1119 931 1298 968 conlecta
1331 930 1381 967 ab
1409 930 1488 966 An-

158 994 303 1042 tiocho,
327 995 493 1034 Varroni
513 996 616 1035 dedi.
674 998 740 1035 Ad
765 1010 810 1035 ea
837 996 920 1046 ipse
946 996 1192 1045 respondem
1231 1001 1272 1032 tu
1293 1007 1333 1032 es
1355 993 1489 1031 tertius

159 1058 198 1097 in
220 1073 400 1098 sermone
430 1068 574 1099 nostro.
633 1061 673 1100 Si
695 1062 854 1100 Cottam
875 1068 913 1098 et
933 1062 1151 1097 Varronem
1182 1058 1361 1096 fecissem
1392 1057 1491 1096 inter

160 1138 201 1163 se
236 1124 482 1175 disputantis,
514 1131 559 1163 ul
588 1139 611 1164 a
644 1133 682 1164 te
713 1125 898 1176 proximis
930 1124 1065 1162 litteris
1096 1124 1325 1169 admoneor,
1356 1135 1490 1160 meum

104 1207 139 1240 15
162 1191 286 1238 κωφὸν
313 1192 514 1240 πρόσωπον
542 1197 654 1229 esset.
714 1192 808 1228 Hoc
842 1189 882 1227 in
915 1188 1086 1239 antiquis
1116 1187 1294 1239 personis
1324 1186 1491 1225 suaviter
1510 1197 1536 1234 4

161 1256 213 1302 fit,
237 1263 279 1293 ut
305 1263 343 1294 et
366 1255 599 1294 Heraclides
626 1255 666 1293 in
696 1254 827 1293 multis
858 1261 896 1293 et
925 1267 996 1293 nos
1017 1255 1058 1292 in
1079 1265 1120 1292 VI
1144 1254 1216 1292 ‘de
1242 1266 1283 1291 re
1309 1252 1491 1303 publica’

161 1319 267 1358 libris
301 1320 476 1359 fecimus.
537 1322 636 1359 Sunt
670 1320 787 1359 etiam
819 1321 894 1358 ‘de
927 1319 1103 1358 oratore'
1135 1317 1257 1357 nostri
1289 1325 1364 1356 tres
1395 1315 1492 1355 mihi

161 1385 413 1423 vehementer
441 1385 605 1435 probati.
666 1387 714 1424 In
741 1385 796 1423 eis
823 1397 983 1434 quoque
1012 1396 1081 1422 eae
1110 1395 1301 1432 personae
1330 1389 1420 1420 sunt
1450 1388 1492 1420 ut

162 1449 259 1488 mihi
297 1451 509 1489 tacendum
546 1450 670 1489 fuerit.
730 1451 893 1489 Crassus
925 1448 1029 1487 enim
1064 1447 1246 1498 loquitur,
1278 1445 1490 1493 Antonius,

103 1532 143 1554 20
164 1515 327 1554 Catulus
376 1528 504 1563 senex,
542 1517 586 1556 C.
622 1515 746 1554 Iulius
786 1516 901 1552 frater
935 1512 1075 1559 Catuli,
1113 1514 1242 1558 Cotta,
1283 1510 1490 1561 Sulpicius.

163 1581 291 1619 Puero
312 1594 374 1618 me
395 1580 459 1619 hic
480 1594 608 1620 sermo
628 1580 836 1627 inducitur,
860 1587 902 1617 ut
923 1580 1053 1617 nullae
1077 1591 1161 1616 esse
1181 1584 1343 1627 possent
1363 1583 1492 1626 partes

163 1658 283 1683 meae.
344 1647 458 1695 Quae
495 1653 628 1685 autem
662 1646 722 1684 his
753 1644 995 1695 temporibus
1035 1642 1170 1693 scripsi
1198 1642 1494 1692 Ἀριστοτέλειον

164 1723 313 1748 morem
352 1711 501 1749 habent
535 1710 575 1748 in
608 1724 688 1760 quo
718 1710 772 1749 ita
809 1723 938 1748 sermo
969 1707 1167 1746 inducitur
1197 1715 1416 1746 ceterorum
1450 1713 1493 1746 ut

163 1787 284 1825 penes
323 1774 452 1825 ipsum
487 1775 534 1814 sit
572 1775 822 1826 principatus.
884 1776 945 1812 Ita
978 1772 1131 1812 confeci
1165 1772 1340 1822 quinque
1373 1772 1493 1811 libros

103 1856 141 1889 ²5
164 1840 248 1889 περὶ
283 1843 401 1879 τελῶν
437 1847 480 1879 ut
519 1841 713 1891 Epicurea
750 1841 794 1878 L.
830 1841 1045 1889 Torquato,
1082 1837 1213 1877 Stoica
1246 1839 1301 1875 M.
1336 1836 1491 1884 Catoni,

163 1908 427 1955 περιπατητικᾶ,
456 1907 513 1944 Μ.
545 1905 679 1944 Pisoni
708 1907 853 1944 darem.
911 1904 1216 1954 Ἀζηλοτύπητον
1244 1902 1284 1941 id
1314 1903 1395 1941 fore
1426 1915 1494 1952 pu-

164 1978 287 2009 taram
308 1972 417 2020 quod
441 1984 578 2009 omnes
605 1970 659 2008 illi
685 1971 945 2009 decesserant.
1005 1971 1121 2007 Haec
1143 1967 1430 2013 ‘Academica,'
1451 1973 1493 2005 ut
1512 1976 1536 2015 5

166 2034 250 2081 scis,
274 2048 364 2073 cum
387 2036 539 2082 Catulo,
564 2036 740 2082 Lucullo,
768 2033 985 2072 Hortensio
1011 2034 1266 2072 contuleram.
1325 2033 1427 2070 Sane
1454 2031 1494 2069 in

166 2112 352 2150 personas
385 2113 467 2138 non
497 2100 692 2138 cadebant
709 2114 719 2147 3
762 2106 870 2137 erant
904 2098 1010 2137 enim
1043 2098 1270 2150 λογικώτερα
1300 2110 1419 2147 quam
1452 2103 1495 2134 ut

211 2213 230 2233 2
255 2207 288 2233 et
316 2203 447 2242 Oppius
469 2201 565 2233 Vict.:
594 2212 658 2233 om.
683 2207 717 2232 et
745 2201 805 2233 M:
831 2201 963 2241 Oppius
986 2200 1054 2232 secl.
1077 2199 1200 2241 Tyrrell
1328 2200 1349 2230 6
1373 2199 1494 2230 consti-

168 2252 296 2277 tueram
313 2246 397 2277 Pius
414 2258 421 2277 :
445 2246 690 2276 constituebam
707 2244 749 2275 M
879 2255 896 2284 7
921 2245 1038 2275 scribis
1054 2243 1131 2275 add.
1151 2246 1222 2275 velt.
1345 2254 1366 2282 9
1391 2243 1495 2282 possit

167 2290 296 2329 Kayser
421 2299 458 2327 14
484 2294 520 2319 ut
546 2289 622 2320 add.
651 2293 721 2319 vett.
857 2289 897 2319 16
921 2288 953 2319 in
982 2287 1057 2318 add.
1086 2287 1208 2318 Scln'itz
1344 2297 1381 2326 17
1408 2287 1496 2317 Sunt

170 2333 222 2363 M³
238 2345 244 2363 ε
268 2333 311 2363 sit
328 2332 380 2361 M*
401 2344 408 2363 x
424 2333 470 2363 sic
488 2331 542 2362 M2
692 2343 729 2371 19
753 2335 829 2363 ante
843 2331 1016 2362 Antonius
1032 2331 1107 2362 add.
1125 2330 1290 2362 Scaevola
1312 2329 1499 2370 lVesenberg

171 2386 211 2414 23
237 2377 282 2406 ita
298 2386 409 2406 sermo
427 2379 450 2407 Σ
469 2376 553 2407 Crat.
571 2387 577 2406 :
603 2386 713 2406 sermo
731 2376 777 2406 ita
794 2381 822 2406 Δ
964 2386 1006 2413 29
1028 2374 1274 2415 φιλολογώτερα
1291 2373 1376 2404 Εε.·”α’
1462 2378 1498 2404 ut

172 2419 219 2449 illi
236 2420 278 2450 de
297 2420 350 2451 'nis
367 2420 555 2451 somniasse
571 2419 617 2451 C:
643 2420 676 2450 in
695 2419 766 2450 utili
784 2420 903 2450 demus
921 2419 1033 2450 omnia
1050 2422 1083 2449 et
1100 2416 1143 2448 M
