1827 2798
187 136 283 174 XII.
306 147 374 175 va
676 138 732 175 M.
765 137 934 174 TVLLI
965 136 1273 175 CICERONIS

311 247 446 298 scripsi
467 254 509 286 ut
529 261 575 286 ea
595 261 696 297 quae
717 247 820 285 bene
840 254 974 286 nosset
995 248 1045 286 de
1065 261 1160 286 auro
1181 247 1316 286 Pisoni
1342 249 1639 287 demonstraret.

310 312 403 350 Tibi
423 312 528 350 enim
549 325 643 350 sane
663 311 864 350 adsentior
884 319 923 350 et
943 311 1048 350 istud
1068 311 1234 350 nimium
1252 312 1319 351 diu
1336 312 1428 351 duci
1449 320 1487 352 et
1507 312 1642 352 omnia

310 390 415 414 nunc
445 376 622 425 undique
651 378 932 415 contrahenda.
992 379 1052 415 Te
1079 377 1240 427 quidem
1268 376 1365 415 nihil
1391 391 1515 428 agere,
1545 377 1642 415 nihil

310 441 479 490 cogitare
512 440 620 479 aliud
654 440 729 479 nisi
763 442 873 491 quod
906 443 958 480 ad
992 455 1056 480 me
1084 443 1277 491 pertineat
1305 441 1419 480 facile
1448 441 1642 492 perspicio

309 505 486 554 meisque
525 505 691 554 negotiis
730 504 911 555 impediri
949 506 1207 556 cupiditatem
1247 514 1354 544 tuam
1391 508 1443 545 ad
1481 520 1545 545 me
1582 519 1680 551 ve-5

309 569 455 608 niendi.
515 571 593 608 Sed
623 584 781 608 mecum
808 584 893 608 esse
921 578 958 609 te
985 578 1091 620 puto,
1116 584 1197 609 non
1224 572 1352 609 solum
1379 572 1489 620 quod
1513 584 1642 609 meam

308 647 390 672 rem
411 634 492 683 agis
517 648 651 672 verum
679 634 797 673 etiam
825 636 935 685 quod
960 635 1092 674 videre
1118 635 1254 674 videor
1280 649 1361 686 quo
1387 636 1509 675 modo
1538 649 1639 687 agaS.

309 700 452 749 Neque
472 698 579 738 enim
599 700 678 738 ulla
698 700 794 738 hora
814 699 870 738 tui
891 700 988 738 mihi
1008 707 1066 739 est
1087 700 1214 751 operis
1235 700 1379 751 ignota.

351 850 393 885 V
406 853 433 886 b
531 853 601 886 Scr.
618 853 652 885 in
675 853 862 885 Tusculano
878 854 915 885 iii
927 858 987 885 aut
1001 854 1026 885 z'z'
1038 854 1087 885 Id.
1104 853 1180 886 Iun.
1198 865 1229 887 a.
1250 864 1309 896 709
1327 854 1412 896 (45).

719 941 893 973 CICERO
915 942 1096 973 ATTICO
1119 941 1227 974 SAL.
1662 947 1702 971 10

203 1037 238 1076 (v
253 1035 290 1078 3)
363 1031 567 1070 Tubulum
596 1037 816 1082 praetorem
845 1031 962 1070 video
992 1033 1035 1069 L.
1064 1032 1229 1069 Metello
1261 1031 1309 1079 Q.
1335 1029 1513 1071 Maximo
1550 1044 1642 1071 con-

309 1096 471 1135 sulibus.
513 1098 631 1134 Nunc
652 1096 769 1134 velim
792 1098 832 1134 P.
856 1097 1054 1143 Scaevola,
1073 1095 1249 1146 pontifex
1269 1095 1473 1143 maximus,
1496 1095 1641 1146 quibus

308 1161 537 1200 consulibus
559 1160 739 1199 tribunus
760 1162 810 1211 pl.
871 1160 1069 1210 Equidem
1093 1168 1190 1210 puto
1215 1159 1412 1210 proximis,
1436 1160 1640 1211 Caepione

308 1233 346 1265 et
377 1225 595 1275 Pompei03
633 1232 788 1275 praetor
826 1225 931 1263 enim
962 1227 1009 1263 L.
1044 1224 1161 1263 Furio
1200 1226 1285 1263 Sex.
1319 1224 1452 1264 Atilio.
1514 1225 1639 1264 Dabis

306 1290 422 1341 igitur
448 1290 690 1328 tribunatum
718 1297 766 1337 et,
796 1290 827 1328 si
854 1290 1010 1339 poteris,
1039 1290 1220 1328 Tubulus
1247 1303 1327 1339 quo
1353 1289 1526 1329 crimine.
1588 1292 1639 1329 Et
1662 1303 1696 1335 15

306 1355 407 1402 vide,
437 1368 596 1405 quaeso,
626 1356 670 1392 L.
700 1354 812 1401 Libo,
835 1354 899 1392 ille
926 1354 994 1404 qui
1021 1356 1071 1393 de
1099 1356 1176 1392 Ser.
1202 1355 1340 1401 Galba,
1366 1355 1639 1394 Censorinone

306 1428 345 1459 et
372 1420 539 1458 Manilio
565 1434 616 1458 an
643 1422 688 1458 T.
720 1420 910 1469 Quinctio
941 1422 1008 1458 M'.
1034 1419 1165 1458 Acilio
1196 1419 1425 1458 consulibus
1459 1420 1639 1459 tribunus

304 1487 355 1535 pl.
379 1485 503 1524 fuerit.
564 1486 839 1525 Conturbabat
859 1485 965 1524 enim
987 1499 1049 1523 me
1072 1483 1261 1537 [epitome
1278 1484 1387 1523 Bruti
1405 1484 1636 1538 Fanniana]‚

305 1551 345 1589 in
363 1551 472 1589 Bruti
489 1551 663 1603 epitoma
677 1550 967 1589 Fannianorum
988 1548 1156 1602 [scripsi]
1174 1551 1283 1600 quod
1297 1558 1377 1588 erat
1393 1550 1433 1588 in
1450 1558 1635 1597 extremo,

304 1616 426 1666 idque
464 1630 537 1666 ego
572 1624 728 1654 secutus
763 1617 870 1654 hunc
905 1616 1100 1654 Fannium
1135 1615 1203 1665 qui
1242 1615 1395 1666 scripsit
1434 1615 1636 1654 historiam
1657 1629 1698 1651 20

304 1694 492 1731 generum
527 1695 611 1720 esse
643 1681 872 1731 scripseram
908 1681 1026 1718 Laeli.
1100 1681 1179 1719 Sed
1213 1688 1254 1718 tu
1289 1694 1352 1719 me
1390 1685 1639 1733 γεωμετρικῶς

303 1748 508 1794 refelleras‚
538 1754 576 1785 te
605 1754 737 1785 autem
764 1760 871 1785 nunc
899 1749 1042 1784 Brutus
1073 1754 1111 1784 et
1143 1746 1326 1784 Fannius.
1388 1748 1474 1796 Ego
1504 1754 1636 1786 tamen

305 1813 356 1852 de
376 1813 483 1851 bono
504 1820 662 1850 auctore
690 1812 906 1850 Hortensio
934 1811 988 1850 sic
1014 1824 1244 1860 acceperam
1270 1819 1311 1849 ut
1335 1813 1442 1861 apud
1471 1814 1636 1851 Brutum

305 1886 374 1918 est.
436 1880 559 1916 Hunc
579 1877 693 1927 igitur
713 1879 845 1915 locum
866 1877 1062 1927 expedies.

353 1994 367 2014 1
393 1987 507 2014 nosset
524 1982 660 2014 Lamb.:
696 1992 833 2014 noscem
850 1982 892 2012 M
999 1982 1246 2013 demonstraret
1266 1982 1436 2012 Faernus:
1473 1993 1579 2013 -arern
1598 1982 1640 2013 M

308 2037 346 2066 13
370 2027 534 2066 proximis
551 2025 641 2058 2sz
667 2037 730 2057 om.
751 2032 779 2056 Δ
916 2035 951 2064 14
979 2026 1004 2055 L
1020 2026 1095 2056 add.
1110 2026 1204 2056 Beier
1337 2028 1375 2056 16
1399 2026 1635 2057 Censorinone

305 2074 329 2102 Σ
346 2070 428 2102 Ant.
446 2069 490 2099 Zb
505 2082 510 2100 :
536 2070 726 2102 Censorino
742 2075 770 2100 Δ
863 2071 900 2100 18
922 2070 1150 2100 Conturbabat
1166 2069 1370 2110 chscnberg:
1397 2070 1563 2100 conturbo
1578 2069 1634 2101 M:

306 2115 485 2145 conturbat
504 2114 531 2144 C
616 2113 723 2154 enirn]
738 2114 840 2144 etiam
860 2113 960 2143 Orelli
1050 2114 1098 2150 18,
1117 2123 1155 2152 19
1178 2114 1326 2153 epitome
1345 2113 1440 2143 Bruti
1461 2114 1636 2144 Fanniana

305 2162 334 2188 et
360 2158 479 2196 scripsi
508 2157 706 2188 secluserunt
729 2156 798 2188 cdd.
826 2157 985 2196 plerique:
1026 2157 1059 2187 in
1087 2157 1183 2187 Bruti
1208 2157 1357 2196 epitoma
1383 2157 1635 2187 Fannianorum

306 2202 425 2240 scripsi
440 2201 498 2232 del.
512 2200 643 2231 Scln'clze
655 2205 683 2231 et
693 2200 845 2232 Schmidt
858 2201 907 2242 (cf.
925 2200 1009 2232 ‘Der
1016 2200 1231 2241 Bm'ejsweclzsel
1241 2199 1247 2212 '
1260 2210 1367 2241 314-ss
1374 2201 1425 2241 16)
1496 2199 1634 2241 scripsi]

306 2245 467 2285 scriptum
488 2244 672 2276 Gronovius
