1827 2798
186 133 305 172 XIII.
324 134 464 171 xxviii
698 137 754 172 M.
787 135 955 171 TVLLI
988 135 1295 173 CICERONIS

181 1469 291 1509 (xxxx.

182 1516 212 1551 Ι)

337 249 485 295 orati03
520 262 593 299 ego
623 247 718 298 quid
749 248 945 298 possum?
999 248 1152 285 Tamen
1185 247 1319 286 nescio
1349 247 1444 298 quid
1474 261 1495 286 e
1521 261 1668 298 quercu

337 316 625 364 exsculpseram
651 314 759 363 quod
786 312 983 350 videretur
1011 312 1137 351 simile
1166 311 1372 351 simulacri.
1434 315 1482 351 In
1509 327 1557 352 eo
1577 314 1669 364 quia

338 392 417 416 non
449 379 556 415 nulla
582 385 691 416 erant
719 379 837 427 paulo
865 377 1025 415 meliora
1046 390 1164 427 quam
1186 391 1232 416 ea
1252 391 1353 428 quae
1378 379 1476 416 fiunt
1503 385 1541 417 et
1567 380 1669 416 facta

337 451 437 489 sunt,
462 444 826 492 reprehenduntur;
856 443 964 492 quod
987 456 1049 480 me
1070 442 1233 481 minime
1253 443 1436 493 paenitet.
1495 443 1534 481 Si
1562 443 1668 482 enirn

295 524 318 561 3
337 507 605 558 pervenissent
626 507 722 546 istae
743 507 903 554 litterae,
919 507 1014 544 mihi
1036 509 1162 554 crede,
1180 521 1250 546 nos
1272 508 1497 558 paeniteret.
1530 508 1670 557 Quid?
1688 522 1706 554 5

337 581 377 611 tu
408 586 488 611 non
515 572 624 611 vides
652 572 780 623 ipsum
808 573 918 610 illum
940 572 1139 611 Aristoteli
1167 573 1404 623 discipulum
1432 587 1588 612 summo
1615 573 1669 611 in-

335 638 466 688 genio,
495 651 650 676 summa
685 637 890 684 modestia,
922 646 1059 687 postea
1093 652 1211 688 quam
1251 652 1316 676 rex
1353 640 1571 688 appellatus
1606 638 1666 685 sit,

336 704 562 754 superbum,
604 704 818 749 crudelem,
862 702 1167 741 immoderatum
1216 703 1366 742 fuisse?
1406 703 1580 753 -Quid?
1627 711 1667 742 tu

336 771 442 808 hunc
471 770 523 808 de
552 782 700 819 pompa
725 768 880 817 Quirini
912 768 1235 807 contubernalem
1268 768 1328 807 his
1362 768 1504 808 nostris
1535 769 1669 807 mode-

335 835 425 874 ratis
464 834 640 885 epistulis
680 836 913 872 laetaturum
952 836 1100 883 putas?
1176 836 1248 872 Ille
1286 848 1378 873 vero
1416 834 1547 885 potius
1585 847 1667 872 non
1690 851 1729 873 10

335 900 477 951 scripta
512 900 708 938 desideret
738 912 856 949 quam
888 898 1030 948 scripta
1059 912 1139 937 non
1170 899 1320 949 probet.
1391 901 1596 937 Postremo
1625 906 1667 936 ut

335 968 449 1005 volet.
509 965 620 1004 Abiit
660 965 756 1003 illud
796 965 905 1014 quod
945 972 1027 1001 tum
1068 978 1131 1002 me
1170 964 1397 1003 stimulabat
1436 978 1557 1014 quom
1597 963 1667 1002 tibi

335 1032 480 1070 dabam
510 1032 718 1081 πρόβλημα
748 1030 1018 1081 Ἀρχιμήδειον.
1093 1031 1224 1068 Multo
1259 1043 1323 1068 me
1352 1031 1510 1068 hercule
1545 1029 1667 1079 magis

335 1109 441 1134 nunc
480 1103 575 1146 opto
610 1109 745 1134 casum
784 1095 894 1132 illum
934 1108 1053 1144 quem
1095 1102 1178 1132 turn
1220 1094 1408 1133 timebam
1448 1096 1507 1133 vel
1547 1107 1666 1144 quem

334 1159 482 1198 libebit.
1689 1173 1725 1205 ¹5

388 1225 475 1263 Nisi
506 1225 602 1275 quid
632 1232 670 1263 te
698 1224 805 1263 aliud
836 1224 1035 1274 impediet,
1066 1224 1118 1261 mi
1146 1231 1282 1274 optato
1308 1223 1470 1262 veneris.
1531 1223 1665 1262 Nicias

332 1303 355 1327 a
377 1290 586 1328 Dolabella
614 1303 758 1339 magno
785 1303 903 1339 opere
929 1288 1136 1327 arcessitus
1158 1288 1248 1338 (legi
1274 1289 1379 1327 enim
1409 1289 1572 1339 litteras)
1593 1288 1665 1327 etsi

334 1354 457 1393 invito
478 1369 542 1393 me
562 1362 694 1393 tamen
715 1356 857 1393 eodem
881 1368 943 1392 me
962 1361 1122 1391 auctore
1143 1355 1340 1403 profectus
1361 1361 1429 1392 est.

287 1425 314 1462 4
391 1422 484 1458 Hoc
519 1434 638 1458 manu
673 1433 771 1457 mea.
831 1420 934 1458 Cum
970 1418 1081 1468 quasi
1118 1418 1212 1456 alias
1252 1432 1311 1457 res
1349 1432 1576 1468 quaererem
1615 1417 1665 1457 de

336 1484 546 1535 philologis
575 1498 597 1523 e
624 1484 752 1531 Nicia,
774 1483 983 1522 incidimus
1011 1483 1050 1521 in
1075 1484 1282 1521 Thalnam.
1344 1485 1415 1522 Ille
1436 1485 1486 1522 de
1507 1483 1665 1534 ingenio
1687 1500 1726 1522 20

335 1549 431 1587 nihil
453 1549 580 1596 nimis,
604 1550 829 1587 modestum
851 1556 889 1586 et
909 1548 1018 1598 frugi.
1077 1550 1156 1587 Sed
1182 1549 1259 1586 hoc
1280 1548 1376 1586 mihi
1397 1562 1478 1586 non
1505 1549 1662 1599 placuit.

334 1617 383 1653 Se
405 1615 503 1653 scire
525 1614 655 1653 aiebat
682 1615 732 1652 ab
759 1627 807 1652 eo
834 1627 959 1664 nuper
985 1613 1146 1664 petitam
1170 1613 1434 1661 Cornificiam,
1459 1615 1507 1663 Q.
1531 1614 1661 1660 filiam,

332 1682 503 1719 vetulam
532 1693 626 1718 sane
652 1686 690 1717 et
717 1681 927 1717 multarum
958 1678 1208 1728 nuptiarum,
1237 1692 1318 1716 non
1345 1692 1431 1717 esse
1454 1679 1663 1729 probatum

332 1744 572 1791 mulieribus,
609 1746 717 1794 quod
757 1744 809 1782 ita
848 1744 1059 1793 reperirent
1092 1757 1172 1782 rem
1208 1757 1287 1781 non
1320 1743 1508 1782 maiorem
1542 1745 1660 1782 ῑᾶἅὸ.

333 1811 427 1848 Hoc
456 1808 590 1859 putavi
621 1816 658 1847 te
688 1808 785 1847 scire
816 1817 1006 1858 oportere.
1684 1826 1721 1858 25

373 1916 528 1951 XXIX
618 1918 688 1950 Ser.
707 1919 742 1948 z'n
764 1919 950 1949 Tusculano
967 1919 1001 1948 vi
1013 1918 1055 1949 K.
1073 1918 1151 1950 Iun.
1170 1929 1200 1949 a.
1223 1928 1282 1958 709
1302 1918 1381 1960 (45).

738 1995 908 2026 CICERO
938 1994 1122 2025 ATTICO
1151 1994 1255 2026 SAL.

215 2083 229 2108 1
244 2077 296 2119 (2)
382 2071 447 2107 De
463 2067 585 2107 hortis
602 2081 649 2106 ex
670 2066 745 2105 tuis
762 2066 897 2104 litteris
915 2065 1081 2115 cognovi
1098 2074 1136 2104 et
1157 2079 1207 2103 ex
1225 2066 1458 2117 Chrysippo.
1504 2067 1552 2104 In
1572 2066 1663 2105 villa

329 2134 440 2172 cuius
461 2132 721 2171 insulsitatem
739 2131 841 2169 bene
857 2144 992 2168 noram
1011 2130 1127 2168 video
1144 2130 1239 2168 nihil
1255 2139 1322 2169 aut
1343 2145 1468 2181 pauca
1489 2139 1662 2178 mutata,

330 2198 526 2238 balnearia
557 2205 689 2236 tamen
723 2197 857 2234 laudat
888 2195 1044 2235 maiora.
1078 2196 1128 2234 de
1160 2196 1377 2234 minoribus
1411 2197 1463 2234 ait
1497 2197 1661 2235 hiberna
1683 2209 1721 2239 30

376 2314 413 2334 12
437 2313 537 2342 quom
570 2301 781 2340 Wesenbmg:
813 2301 902 2339 quod
938 2299 977 2329 M
1123 2310 1159 2338 14
1184 2311 1282 2339 quem
1312 2299 1411 2331 Rom.
1431 2300 1472 2331 I:
1503 2310 1601 2339 qnam
1624 2298 1665 2328 M

334 2347 524 2386 Wesenberg
611 2356 654 2376 20
678 2345 841 2374 Thalnam
863 2344 964 2382 vulga
991 2344 1129 2373 Talnam
1150 2343 1224 2380 CM,
1242 2344 1279 2382 cs.
1298 2344 1320 2375 i.
1342 2345 1389 2374 16.
1408 2346 1429 2374 6
1517 2354 1558 2381 23
1583 2353 1659 2382 pro·

328 2392 441 2422 batum
455 2389 645 2430 Malaspina
662 2400 669 2419 z
696 2398 761 2418 -am
777 2387 817 2416 Μ
903 2388 944 2417 28
970 2398 1011 2417 cx
1024 2387 1220 2427 Chrysippo
1235 2387 1336 2417 Orelli
1350 2399 1356 2418 ε
1381 2387 1565 2427 Chrysippi
1577 2385 1665 2417 Reid
