1827 2798
613 165 724 203 EPP.
758 165 834 202 AD
864 163 1120 202 ATTICVM
1463 160 1532 197 IX.
1557 156 1632 194 xiv

197 290 345 328 poenas
375 276 554 327 persequi
585 276 843 326 omniumque
864 289 998 314 eorum
1027 274 1066 312 in
1093 287 1193 324 quos
1220 274 1325 312 Sulla
1353 269 1521 310 crudelis

197 343 273 380 hoc
305 341 413 380 socio
449 341 610 388 fuisset3
651 341 746 378 nihil
779 340 991 379 Curionem
1031 353 1071 377 se
1109 340 1211 376 duce
1249 339 1374 375 facere
1413 336 1521 385 quod

199 420 278 445 non
300 406 364 444 hic
385 407 492 444 Sulla
513 407 614 444 duce
635 406 788 444 fecisset
806 420 813 451 ;
843 407 916 443 iad
937 404 1231 450 ambitioneml·‚
1250 402 1392 452 quibus
1413 400 1521 439 exsili

197 484 326 521 poena
348 470 612 520 superioribus
633 470 782 520 legibus
804 484 883 507 non
905 470 1049 515 fuisset,
1072 469 1123 506 ab
1143 468 1209 505 illo
1230 467 1375 517 patriae
1395 465 1522 516 prodi-

159 549 176 578 5
197 544 299 573 tores
331 536 382 573 de
413 535 547 573 exsilio
580 536 761 574 reductos
793 548 902 581 esse3
943 533 1051 583 queri
1083 534 1132 571 de
1166 532 1316 570 Milone
1346 545 1414 581 per
1443 530 1520 567 vim

197 601 384 649 expulsoj
427 600 626 638 neminem
675 608 807 638 tamen
846 613 886 637 se
925 599 1157 637 violaturum
1199 597 1271 635 nisi
1311 596 1376 646 qui
1415 609 1521 633 arma

198 673 343 703 contra.
404 667 517 703 Haec
541 665 709 704 Baebius
730 665 889 714 quidam
911 677 933 701 a
955 663 1126 702 Curione
1154 675 1200 699 111
1231 663 1288 700 Id.
1312 662 1519 711 profectus,

198 731 319 768 homo
350 744 430 768 non
457 730 584 768 infans
614 731 683 768 sed
705 730 816 779 †quis
843 729 936 769 ulli†
959 742 1039 766 non
1067 728 1182 766 dicat.
1243 728 1362 764 Plane
1390 725 1522 763 nescio

199 794 295 843 quid
317 808 439 844 agam.
484 794 586 832 Illim
608 794 792 844 equidem
815 795 993 832 Gnaeum
1017 794 1234 842 profectum
1257 799 1363 841 puto.
1406 789 1524 838 Quic-

141 871 180 894 10
200 860 296 908 quid
328 868 385 898 est
417 859 540 898 biduo
574 860 753 898 sciemus.
812 861 848 896 A
880 867 917 896 te
949 858 1045 895 nihil
1077 871 1126 895 ne
1157 859 1326 894 Anteros
1361 855 1521 904 quidem

200 925 411 962 litterarum
427 940 437 972 3
465 938 537 963 nec
568 924 720 962 mirum.
780 924 888 972 Quid
917 923 1022 961 enim
1052 931 1109 960 est
1139 923 1246 971 quod
1277 920 1524 959 scribamus?

202 991 286 1039 Ego
307 998 437 1028 tamen
459 991 608 1027 nullum
630 989 735 1026 diem
756 987 1032 1038 praetermitto.

254 1053 405 1103 Scripta
435 1053 600 1103 epistula
626 1053 775 1090 litterae
805 1051 898 1089 mihi
927 1060 1017 1089 ante
1037 1053 1164 1088 lucem
1186 1064 1208 1088 a
1230 1052 1353 1099 Lepta
1384 1051 1521 1098 Capua
1541 1054 1564 1090 3

201 1118 376 1156 redditae
406 1126 495 1155 sunt
528 1117 628 1155 Idib.
654 1119 768 1154 Mart.
794 1116 1026 1166 Pompeium
1051 1129 1073 1153 a
1099 1114 1310 1152 Brundisio
1337 1126 1523 1152 conscen-

143 1196 177 1225 15
200 1183 315 1230 disse,
338 1191 377 1221 at
398 1184 605 1222 Caesarem
627 1196 659 1220 a.
683 1183 718 1220 d.
744 1194 800 1219 vu
824 1183 912 1218 Kal.
935 1180 1079 1230 Aprilis
1101 1181 1260 1229 Capuae
1282 1180 1372 1217 fore.

243 1346 327 1380 XV
480 1349 550 1380 Ser.
570 1349 603 1379 in
621 1348 798 1379 Formsano
814 1348 872 1378 viii
884 1347 926 1377 K.
946 1347 979 1377 A
980 1352 1030 1387 pr.
1051 1357 1082 1378 a.
1102 1357 1156 1386 705
1171 1346 1256 1387 (49).

609 1435 782 1467 CICERO
804 1435 985 1466 ATTICO
1007 1434 1115 1466 SAL.

255 1518 357 1556 Cum
387 1516 585 1555 dedissem
613 1517 663 1554 ad
691 1523 728 1554 te
755 1515 899 1553 litteras
921 1522 962 1552 ut
983 1513 1099 1552 scires
1125 1515 1333 1553 Caesarem
1364 1515 1524 1564 Capuae
1544 1524 1561 1550 1

201 1594 256 1619 vn
292 1583 379 1619 Kal.
403 1583 495 1627 fore,
518 1582 670 1619 adlatae
692 1580 786 1618 mihi
809 1581 946 1629 Capua
967 1587 1055 1617 sunt
1084 1583 1145 1617 *let
1170 1580 1246 1616 hoc
1274 1578 1368 1616 mihi
1397 1583 1457 1619 et†
1486 1578 1525 1616 in

143 1665 182 1686 20
201 1647 359 1684 Albano
388 1647 494 1696 apud
525 1645 739 1685 Curionem
768 1657 792 1681 V
822 1647 871 1682 K.
895 1645 986 1682 fore.
1047 1645 1149 1680 Eum
1180 1657 1269 1680 cum
1291 1642 1439 1687 videro,
1460 1645 1528 1680 Ar-

201 1711 337 1761 pinum
371 1725 540 1761 pergam.
600 1710 638 1748 Si
670 1709 766 1748 mihi
797 1709 951 1747 veniam
987 1722 1105 1758 quam
1135 1715 1227 1757 peto
1258 1707 1420 1754 dederit,
1444 1716 1528 1745 utar

202 1776 303 1814 illius
333 1776 593 1821 condicione;
624 1775 652 1813 si
685 1774 825 1820 minus,
858 1774 1077 1823 impetrabo
1107 1772 1255 1822 aliquid
1284 1786 1306 1810 a
1336 1786 1398 1810 me
1428 1772 1524 1821 ipso.

203 1842 286 1887 Ille,
319 1849 361 1878 ut
389 1842 439 1879 ad
472 1854 534 1878 me
569 1839 731 1889 scripsit,
764 1839 937 1889 legiones
969 1838 1139 1887 singulas
1169 1837 1298 1887 posuit
1330 1837 1524 1883 Brundisi,

202 1906 374 1952 Tarenti,
398 1904 560 1955 Siponti.
621 1905 814 1943 Claudere
849 1903 943 1941 mihi
975 1902 1128 1940 videtur
1159 1902 1374 1940 maritimos
1404 1903 1527 1940 exitus

143 1983 181 2013 25
203 1979 240 2010 et
271 1979 401 2009 tamen
431 1970 514 2020 ipse
545 1969 750 2007 Graeciam
781 1977 956 2018 spectare
986 1967 1116 2018 potius
1151 1980 1268 2016 quam
1301 1967 1525 2017 Hispanias.

246 2085 266 2112 3
291 2073 436 2105 fecisset.
455 2084 473 2103 a
498 2083 534 2103 se
559 2073 627 2103 dari
654 2072 852 2102 seditionem
872 2071 1032 2110 Aladm'g:
1065 2071 1226 2101 fecisset:
1257 2081 1294 2100 se
1318 2072 1444 2101 accisse
1465 2072 1530 2112 (vel

203 2117 327 2153 accire)
346 2117 385 2146 ad
403 2117 616 2146 ambitionem
636 2115 808 2145 Schmidt:
832 2115 913 2152 sort.
934 2115 1087 2146 secvsset:
1118 2125 1154 2144 se
1174 2115 1302 2144 ambire
1326 2115 1525 2145 reditionem

202 2161 222 2190 8
246 2161 320 2199 quis
338 2160 393 2189 ulli
412 2160 467 2191 M:
500 2160 576 2198 quis
593 2159 638 2188 illi
658 2158 707 2188 Z:
742 2159 796 2197 qui
819 2159 898 2187 nulli
919 2157 950 2187 C.
972 2158 1006 2187 F.
1029 2157 1230 2187 Hermann:
1254 2158 1368 2196 quide
1386 2168 1445 2188 suo
1471 2159 1525 2189 illa

208 2203 327 2242 Ysyt'rcll
486 2213 523 2232 10
547 2203 694 2232 Anteros
711 2202 831 2231 Bosins
846 2213 852 2231 :
880 2205 957 2231 ante
977 2201 1049 2239 pios
1067 2200 1125 2230 M:
1151 2208 1229 2231 ante
1247 2202 1319 2231 dies
1337 2201 1525 2242 Alalaspima

201 2248 336 2286 quidem
365 2245 494 2275 Baiter:
535 2246 670 2284 quidem
705 2245 785 2283 quin
826 2249 858 2274 te
891 2243 952 2274 M:
990 2245 1124 2282 quidem
1156 2245 1305 2283 quinque
1334 2245 1525 2285 llffalaspt'na

206 2300 241 2327 ¹5
266 2296 298 2320 at
316 2289 406 2319 M²l:
435 2290 475 2319 ad
494 2289 540 2319 M
561 2301 567 2319 ε
596 2299 633 2319 ac
652 2288 751 2318 Rom.
909 2297 947 2326 19
970 2294 1048 2317 sunt
1075 2292 1129 2318 (sc.
1153 2288 1284 2324 litterae)
1310 2299 1385 2319 eum
1412 2289 1465 2319 hic
1492 2300 1524 2319 vr

205 2334 276 2364 Kal.
304 2338 336 2363 et
362 2334 393 2363 in
419 2332 590 2362 Schmidt:
622 2337 698 2362 sunt
723 2332 853 2362 litterae
882 2341 957 2360 eum
984 2332 1016 2360 in
1039 2331 1058 2360 I
1078 2331 1278 2362 Ascensins:
1313 2337 1389 2363 sunt
1415 2337 1447 2362 et
1474 2334 1525 2363 liic

201 2378 328 2415 copiam
347 2377 425 2406 mihi
444 2381 477 2405 et
496 2377 526 2405 in
547 2375 687 2416 Madvtg
821 2384 862 2413 23
880 2378 955 2414 post
969 2375 1105 2414 scripsit
1122 2374 1258 2405 addend.
1277 2375 1316 2414 Q.
1339 2376 1463 2406 Pedius
1480 2377 1529 2407 vel

203 2421 307 2460 Lepta
319 2423 417 2460 putat
432 2419 549 2450 Zielzen
