1827 2798
142 155 211 193 IX.
234 157 281 193 iv
602 157 657 193 M.
690 155 858 192 TVLLI
890 154 1196 193 CICERONIS

237 271 345 307 τοῦτο
377 268 460 318 περὶ
489 271 561 306 τῶν
591 267 688 305 ὅλων
718 267 741 315 ἡ
774 267 884 306 πόλις
916 266 1159 305 κινδυνεύσειν
1188 265 1212 316 ἢ
1245 268 1474 318 εὐλαβητέον
1501 269 1566 307 τὸν

239 335 468 372 καταλύοντα
487 333 539 383 μὴ
560 333 667 372 αὐτὸς
688 332 845 382 αἵρηται.
901 334 949 369 Εἶ
973 332 1166 382 πειρατέον
1186 333 1335 385 ἀρήγειν
1353 335 1400 384 τῇ
1418 334 1566 384 πατρίδι

237 399 504 448 τυραννουμένῃ
534 398 648 449 καιρῷ
678 397 738 435 καὶ
767 398 868 450 λόγῳ
898 400 1048 447 μᾶλλον
1080 396 1104 447 ἢ
1128 398 1293 450 πολέμῳ.
1349 401 1397 436 Εἴ
1423 402 1568 437 πολιτι-

238 465 302 502 κόν
330 465 373 502 τὸ
404 464 605 515 ἡσυχάζειν
636 464 929 514 ἀναχωρήσαντά
958 480 1023 501 ποι
1059 465 1124 512 τῆς
1160 463 1334 513 πατρίδος
1370 481 1567 514 τυραννου-

237 530 349 579 μένης
385 527 409 579 ἢ
443 529 502 567 διὰ
537 529 675 569 παντὸς
707 529 802 566 ἷτέον
836 528 999 566 κινδύνου
1031 530 1097 577 τῆς
1131 528 1338 578 ἐλευθερίας
1367 530 1461 580 πέρι.
1521 531 1568 567 Εἰ
1587 540 1604 571 5

238 595 403 644 πόλεμον
435 595 611 633 ἐπακτέον
640 595 688 645 τῇ
716 594 819 645 χώρα
850 593 909 631 καὶ
941 594 1208 643 πολιορκητέον
1234 595 1347 644 αὐτὴν
1376 611 1569 644 τυραννου-

238 661 362 710 μένην.
433 663 480 698 Εἷ
511 661 570 698 καὶ
598 660 651 709 μὴ
690 659 932 709 δοκιμάζοντα
969 659 1037 708 τὴν
1069 658 1128 697 διὰ
1159 660 1326 709 πολέμου
1366 661 1570 699 κατάλυσιν

238 728 302 775 τῆς
334 726 542 776 τυραννίδος
573 726 903 778 συναπογραπτέον
933 725 1029 776 ὅμως
1061 727 1138 766 τοῖς
1169 727 1342 776 ἀρίστοις.
1420 729 1467 764 Εἰ
1493 729 1570 768 τοῖς

240 793 442 844 εὐεργέταις
480 792 540 830 καὶ
571 792 698 841 φίλοις
731 792 1051 844 συγκινδυνευτέον
1089 794 1127 830 ε’ν
1163 793 1239 832 τοῖς
1271 794 1475 833 πολιτικοῖς
1504 792 1571 832 κᾶν

237 858 289 908 μὴ
320 858 479 896 δοκῶσιν
511 857 550 895 εὖ
582 857 865 907 βεβουλεῦσθαι
898 857 981 907 περὶ
1018 860 1090 896 τῶν
1120 857 1228 896 ὅλων.
1285 860 1333 895 Εἰ
1366 859 1386 896 ὁ
1422 859 1569 911 μεγάλα
1591 875 1630 897 10

237 923 305 972 τὴν
342 923 500 973 πατρίδα
530 923 772 975 εὐεργετήσας
806 923 852 960 δι’
886 923 975 961 αὐτὸ
1010 922 1048 961 δὲ
1081 925 1190 961 τοῦτο
1225 923 1410 973 ἀνήκεστα
1442 923 1570 962 παθὼν

240 989 299 1027 καὶ
329 988 528 1038 φθονηθεὶς
566 988 826 1027 κινδυνεύσειεν
859 987 903 1026 ἂν
936 988 1131 1037 ἐθελοντὴς
1169 990 1260 1038 ὑπὲρ
1296 991 1362 1037 τῆς
1398 989 1570 1039 πατρίδος

238 1054 261 1104 ἢ
283 1056 433 1104 ἐφετέον
452 1057 547 1106 αὐτῷ
568 1057 696 1093 ἑαυτοῦ
716 1071 805 1093 ποτε
834 1055 893 1092 καὶ
920 1057 993 1093 τῶν
1021 1055 1251 1093 οἰκειοτάτων
1276 1054 1463 1092 ποιεῖσθαι
1482 1055 1570 1104 πρό-

240 1138 341 1159 νοιαν
361 1121 530 1172 ἀφεμένῳ
549 1122 615 1160 τὰς
634 1120 725 1169 πρὸς
744 1120 827 1159 τοὺς
849 1120 1044 1170 ἷσχύοντας
1065 1120 1322 1160 διαπολιτείας.

197 1194 222 1231 3
297 1187 344 1224 In
375 1184 434 1223 his
461 1198 534 1235 ego
560 1197 622 1223 me
652 1183 1007 1223 consultationibus
1037 1197 1220 1223 exercens
1245 1191 1283 1223 et
1304 1184 1499 1223 disserens
1529 1184 1567 1222 in
1594 1200 1628 1232 ¹5

240 1257 448 1300 utramque
468 1257 617 1300 partem
640 1257 723 1287 tum
746 1251 895 1288 Graece
916 1258 999 1288 tum
1021 1249 1162 1288 Latine
1182 1258 1220 1288 et
1240 1250 1397 1288 abduco
1418 1263 1570 1300 parum-

240 1329 309 1366 per
336 1316 513 1353 animum
538 1328 561 1353 a
588 1315 776 1353 molestiis
803 1323 842 1353 et
867 1319 939 1354 τῶν
966 1317 1152 1368 προῦργου
1180 1333 1215 1354 τι
1244 1315 1430 1354 delibero.
1491 1316 1569 1353 Sed

240 1394 375 1419 vereor
399 1394 448 1418 ne
475 1379 546 1418 tibi
577 1381 724 1430 ἄκαιρος
748 1379 831 1418 sim.
892 1380 932 1419 Si
953 1379 1058 1418 enim
1079 1388 1184 1419 recte
1203 1379 1419 1418 ambulavit
1444 1379 1475 1418 is
1502 1378 1570 1429 qui

241 1446 343 1484 hanc
364 1444 572 1496 epistulam
593 1444 692 1492 tulit,
714 1443 754 1482 in
775 1444 903 1495 ipsum
926 1452 1036 1483 tuum
1058 1445 1164 1484 diem
1185 1444 1333 1483 incidit.

286 1610 327 1645 V
538 1612 608 1646 Ser.
630 1614 663 1645 in
680 1615 863 1647 Formiano
880 1616 914 1646 vi
926 1615 975 1647 Id.
997 1614 1097 1647 Mart.
1118 1625 1148 1647 a.
1172 1625 1227 1655 705
1242 1614 1327 1655 (49).
1592 1621 1633 1644 20

655 1709 828 1741 CICERO
850 1709 1030 1741 ATTICO
1053 1709 1161 1742 SAL.

206 1808 224 1835 1
298 1796 429 1835 Natali
450 1796 514 1836 die
542 1805 611 1837 tuo
635 1798 820 1848 scripsisti
848 1798 1055 1849 epistulam
1082 1799 1133 1837 ad
1163 1811 1227 1837 me
1253 1799 1411 1848 plenam
1433 1793 1572 1835 consili

243 1875 501 1912 summaeque
517 1877 607 1901 curn
626 1864 925 1902 benevolentiae
942 1872 1025 1902 tum
1047 1863 1164 1902 etiam
1182 1862 1422 1914 prudentiae.
1471 1863 1570 1898 Eam

243 1927 339 1966 mihi
373 1928 607 1966 Philotimus
643 1928 831 1979 postridie
864 1942 982 1978 quam
1022 1942 1045 1966 a
1075 1936 1113 1967 te
1147 1934 1351 1978 acceperat
1385 1925 1568 1964 reddidit.

242 1995 341 2032 Sunt
363 1994 434 2031 ista
455 1994 617 2043 quidem
639 2008 741 2044 quae
762 1994 937 2044 disputas
955 1994 1192 2042 difficillima,
1209 1993 1280 2031 iter
1299 1993 1349 2030 ad
1371 2004 1568 2041 superum,
1592 2007 1630 2039 25

243 2059 438 2109 navigatio
489 2060 625 2104 infero,
675 2060 871 2098 discessus
917 2059 1110 2110 Arpinum
1160 2073 1210 2098 ne
1262 2060 1367 2096 hunc
1413 2056 1569 2107 fugisse,

243 2124 395 2163 mansio
418 2124 583 2163 Formiis
611 2139 661 2163 ne
682 2125 871 2163 obtulisse
898 2138 970 2163 nos
996 2123 1244 2174 gratulationi
1264 2123 1478 2169 videamur,
1501 2122 1571 2159 sed

291 2239 302 2258 1
331 2227 350 2267 ἢ
377 2230 453 2260 com:
483 2227 689 2269 lVesenbrrg:
723 2229 748 2258 εἰ
770 2228 812 2259 Μ
939 2239 959 2258 2
983 2228 1105 2267 αἴρηται
1131 2228 1270 2258 Rosius:
1296 2228 1494 2256 ΕΡΡΘΗΤΑΙ
1511 2223 1570 2255 M:

243 2272 369 2312 dpoqmt
385 2272 427 2303 C:
446 2272 522 2312 ἀρθῇ
534 2272 724 2312 lWalaspr'na
791 2282 811 2310 3
836 2273 930 2313 καιρῷ
946 2271 998 2302 καὶ
1011 2272 1100 2312 λόγῳ
1113 2265 1200 2302 ΖῙΒΟ
1212 2271 1297 2301 Crat⁴
1319 2283 1324 2300 z
1343 2281 1407 2300 om.
1426 2274 1454 2299 Δ
1513 2278 1532 2306 5
1551 2267 1570 2306 ἢ

248 2315 322 2346 l'z'ct.
345 2316 491 2355 idemque
507 2316 525 2347 l.
550 2327 609 2354 13:
634 2317 659 2345 εἰ
676 2315 763 2346 codd.
784 2316 869 2355 vulg.
1012 2317 1032 2345 6
1057 2315 1157 2353 αὐτὴν
1176 2314 1263 2345 Crat.
1282 2313 1403 2343 Lamb.
1419 2324 1425 2344 :
1450 2310 1571 2349 ταύτην

243 2359 330 2390 codd.
428 2361 465 2389 18
488 2360 667 2390 ambulavit
686 2360 800 2390 [Crat.
818 2358 952 2389 Lama:
987 2358 1206 2389 ambulaverit
1223 2357 1264 2388 M
1277 2356 1400 2387 Mic'ller
1531 2364 1570 2394 19

244 2403 368 2433 incidet
387 2402 509 2433 Miiller
638 2413 679 2432 22
706 2403 816 2433 Natali
841 2402 907 2433 secl.
927 2401 1110 2444 Slernkopf
