1827 2798
597 159 709 197 EPP.
741 161 819 197 AD
848 159 1107 199 ATTICVM
1444 158 1513 196 IX.
1537 156 1581 194 vi
1597 169 1624 194 A

507 361 576 394 Ser.
594 362 627 392 in
644 363 753 393 itinete
768 363 812 394 in.
834 374 878 394 m.
898 363 998 394 Mari.
1019 374 1048 394 α.
1069 373 1123 403 705
1137 363 1223 404 (49).

462 445 651 477 CAESAR
678 447 769 478 IMP.
795 447 830 478 S.
858 447 897 478 D.
923 447 1150 478 CICERONI
1177 447 1268 478 IMP.

258 517 360 557 Cum
400 517 588 555 Furnium
623 526 799 556 nostrum
840 527 993 557 tantum
1026 519 1211 557 vidissem
1251 532 1380 568 neque
1419 518 1526 568 loqui

165 599 182 630 5
203 595 333 632 neque
363 581 499 620 audire
527 595 616 620 meo
645 585 859 621 commodo
884 583 1109 633 potuissem,
1133 597 1379 633 properarem
1410 591 1527 632 atque

203 661 329 686 essem
360 647 399 684 in
424 647 560 686 itinere
576 648 797 698 praemissis
819 649 894 687 iam
916 649 1145 699 legionibus,
1169 649 1376 699 praeterire
1397 657 1527 687 tamen

203 726 283 751 non
305 711 414 762 potui
440 711 534 761 quin
556 720 594 750 et
614 713 823 751 scriberem
844 715 893 752 ad
915 722 952 752 te
973 722 1011 752 et
1031 714 1140 751 illum
1163 713 1354 752 mitterem
1375 713 1529 763 gratias-

205 790 281 827 que
301 790 467 826 agerem,
491 777 562 815 etsi
590 778 666 815 hoc
696 786 734 816 et
763 777 836 816 feci
864 791 980 827 saepe
1009 786 1047 816 et
1068 778 1221 828 saepius
1243 777 1337 815 mihi
1359 779 1528 815 facturus

206 841 365 889 videor;
394 841 446 879 ita
474 843 523 880 de
551 855 613 880 me
641 842 808 881 mereris.
870 844 916 879 In
944 842 1076 892 primis
1097 856 1120 880 a
1146 850 1183 880 te
1213 849 1316 891 peto,
1340 842 1527 891 quoniam

148 924 186 946 10
206 908 366 945 confido
415 920 477 945 me
526 907 702 945 celeriter
753 909 803 945 ad
850 908 986 945 urbem
1035 914 1254 953 venturum,
1299 914 1341 944 ut
1389 915 1427 944 te
1474 906 1527 944 ibi

205 972 370 1018 videam,
412 979 453 1010 ut
493 980 561 1009 tuo
603 971 779 1017 consilio,
825 971 956 1020 gratia,
997 971 1196 1020 dignitate,
1236 984 1311 1020 ope
1350 970 1526 1008 omnium

205 1050 332 1075 rerum
365 1036 420 1074 uti
454 1035 612 1085 possim.
686 1036 751 1073 Ad
789 1035 1034 1085 propositum
1068 1043 1259 1082 revertar3
1289 1035 1526 1073 festinationi

206 1115 316 1140 meae
345 1100 604 1150 brevitatique
634 1099 847 1138 litterarum
872 1099 1060 1150 ignosces.
1121 1099 1291 1149 Reliqua
1314 1113 1361 1138 ex
1383 1099 1528 1138 Furnio

206 1178 431 1215 cognosces.

149 1313 185 1345 15
248 1302 340 1338 VII
472 1304 542 1336 Ser.
564 1304 598 1335 in
615 1303 794 1335 formiano
811 1302 909 1335 iz'z'Id.
932 1302 1033 1335 Mart.
1052 1313 1082 1334 α.
1102 1313 1156 1342 705
1168 1303 1259 1344 (49).

612 1385 787 1416 CICERO
818 1384 989 1415 ATTICO
1021 1384 1118 1416 SAL.

260 1461 496 1513 Scripseram
520 1462 571 1500 ad
605 1469 643 1500 te
669 1460 875 1511 epistulam
897 1472 1016 1509 quam
1040 1458 1175 1496 darem
1197 1468 1260 1494 1111
1284 1456 1390 1494 Idus.
1450 1456 1527 1493 Sed
1548 1465 1565 1493 1

206 1540 253 1566 eo
288 1527 351 1566 die
390 1527 421 1566 is
455 1526 518 1565 cui
549 1528 642 1565 dare
680 1528 879 1564 volueram
918 1538 998 1562 non
1033 1530 1092 1561 est
1129 1523 1337 1572 profectus.
1409 1519 1529 1558 Venit

205 1600 337 1630 autem
376 1606 424 1630 eo
457 1591 543 1642 ipso
574 1591 638 1630 die
677 1591 740 1629 ille
775 1589 1003 1639 ‘celeripes’
1035 1600 1153 1637 quem
1186 1585 1336 1624 Salvius
1370 1584 1528 1622 dixerat.

149 1669 189 1693 20
206 1656 349 1694 Attulit
380 1656 594 1695 uberrimas
625 1663 709 1693 tuas
739 1655 908 1701 litteras3
951 1666 1052 1702 quae
1082 1650 1177 1688 mihi
1206 1650 1396 1700 quiddam
1422 1648 1530 1698 quasi

206 1722 402 1760 animulae
423 1721 657 1759 instillarunt
675 1735 682 1759 2
710 1727 925 1758 recreatum
947 1717 1052 1756 enim
1074 1730 1136 1754 me
1163 1729 1244 1753 non
1265 1727 1369 1764 queo
1389 1713 1528 1752 dicere.

208 1788 285 1826 Sed
307 1789 422 1837 plane
441 1788 483 1825 τὸ
510 1788 667 1837 συνέχον
687 1784 859 1823 effecisti.
920 1785 1005 1833 Ego
1026 1781 1131 1820 enim
1161 1793 1241 1818 non
1268 1779 1345 1817 iam
1375 1778 1415 1817 id
1445 1792 1529 1828 ago,

208 1851 304 1889 mihi
325 1853 452 1899 crede,
475 1859 516 1889 ut
537 1864 743 1901 prosperos
764 1849 888 1888 exitus
910 1860 1137 1896 consequar.
1197 1844 1260 1883 Sic
1281 1844 1385 1883 enim
1403 1843 1530 1889 video,

207 1930 281 1955 nec
308 1917 464 1955 duobus
494 1916 553 1954 his
574 1915 670 1953 vivis
691 1928 764 1953 nec
784 1915 860 1952 hoc
888 1927 968 1951 uno
989 1926 1061 1950 nos
1091 1923 1282 1960 umquam
1303 1922 1384 1948 rem
1409 1908 1532 1958 publi-

150 1994 187 2024 25
208 1994 294 2018 cam
324 1981 536 2019 habituros.
598 1982 659 2018 Ita
689 1993 818 2029 neque
850 1980 900 2016 de
932 1978 1013 2016 otio
1042 1985 1177 2015 nostro
1209 1988 1322 2024 spero
1352 1973 1428 2011 iam
1458 1986 1531 2011 nec

208 2048 327 2084 ullam
358 2045 610 2084 acerbitatem
641 2058 788 2083 recuso.
847 2045 982 2080 Vnum
1012 2042 1108 2080 illud
1135 2039 1449 2084 extimescebam,
1482 2051 1530 2075 ne

209 2110 303 2160 quid
325 2109 487 2160 turpiter
507 2111 674 2148 facerem
696 2111 756 2147 vel
777 2108 906 2147 dicam
928 2107 1004 2145 iam
1026 2121 1075 2145 ne
1097 2106 1286 2144 fecissem.

252 2224 271 2252 5
298 2223 371 2243 meo
398 2206 470 2242 ΖΠΗ
506 2222 559 2242 me
583 2211 670 2242 codd.
727 2211 814 2241 Fort.
833 2211 892 2240 sed
919 2210 968 2240 vel
990 2213 1023 2239 et
1051 2207 1189 2239 addend.
1217 2211 1292 2238 ante
1316 2216 1532 2246 properarem

212 2267 261 2295 13,
278 2267 315 2295 14
340 2256 484 2294 Reliqua
496 2279 502 2286 .
517 2280 522 2286 .
538 2279 544 2285 .
556 2265 743 2294 cognosces
759 2254 951 2283 EORffls:
976 2263 1041 2283 om.
1064 2251 1155 2281 M¹P
1251 2261 1289 2289 19
1310 2254 1317 2266 ⁴
1329 2250 1493 2288 celeripes
1507 2248 1530 2289 ']

210 2300 393 2339 Callipides
418 2299 496 2329 coni.
521 2298 606 2328 Reid
625 2298 691 2328 coll.
710 2298 780 2328 xiii.
809 2308 854 2327 12.
872 2307 891 2335 3
1038 2307 1091 2329 20.
1110 2305 1147 2325 21
1175 2295 1269 2333 quasi
1292 2294 1457 2324 animulae
1483 2293 1531 2322 in-

209 2344 375 2374 stillarunt
406 2342 511 2373 Crafi:
545 2353 611 2381 qua
635 2347 724 2372 stant
749 2345 840 2371 muta
866 2345 916 2370 est
946 2340 990 2369 illi
1016 2344 1115 2369 arunt
1140 2338 1195 2368 M:
1224 2338 1318 2376 quasi
1344 2336 1533 2367 ‘animulae

209 2386 397 2417 stillarunt’
424 2386 538 2416 Baiter
681 2395 720 2425 27
747 2395 788 2415 ne
814 2384 970 2415 fecissem
993 2382 1106 2414 Stroth
1134 2381 1307 2412 Schmidt:
1342 2381 1531 2411 effecisscm

210 2429 248 2460 M
263 2441 270 2460 :
294 2429 447 2460 fecissem
463 2429 596 2459 Ernesti
