<?xml version="1.0" encoding="UTF-8"?>
<!DOCTYPE html PUBLIC "-//W3C//DTD XHTML 1.0 Transitional//EN"
    "http://www.w3.org/TR/xhtml1/DTD/xhtml1-transitional.dtd">
<html xmlns="http://www.w3.org/1999/xhtml" xml:lang="en" lang="en">
 <head>
  <title>
</title>
<meta http-equiv="Content-Type" content="text/html;charset=utf-8" />
  <meta name='ocr-system' content='tesseract 3.04.00' />
  <meta name='ocr-capabilities' content='ocr_page ocr_carea ocr_par ocr_line ocrx_word'/>
</head>
<body>
  <div class='ocr_page' id='page_1' title='image "./epistulaerecogno0202ciceuoft_0032.png"; bbox 0 0 1827 2798; ppageno 0'>
   <div class='ocr_carea' id='block_1_1' title="bbox 194 151 1261 191">
    <p class='ocr_par' dir='ltr' id='par_1_1' title="bbox 194 151 1261 191">
     <span class='ocr_line' id='line_1_1' title="bbox 194 151 1261 191; baseline 0 -1"><span class='ocrx_word' id='word_1_1' title='bbox 194 154 263 191; x_wconf 91' lang='lat' dir='ltr'>IX.</span> <span class='ocrx_word' id='word_1_2' title='bbox 282 163 314 190; x_wconf 88' lang='lat' dir='ltr'>x</span> <span class='ocrx_word' id='word_1_3' title='bbox 669 152 727 190; x_wconf 84' lang='lat' dir='ltr'>M.</span> <span class='ocrx_word' id='word_1_4' title='bbox 758 153 925 190; x_wconf 91' lang='lat' dir='ltr'>TVLLI</span> <span class='ocrx_word' id='word_1_5' title='bbox 956 151 1261 191; x_wconf 89' lang='lat' dir='ltr'>CICERONIS</span> 
     </span>
    </p>
   </div>
   <div class='ocr_carea' id='block_1_2' title="bbox 235 261 1678 2063">
    <p class='ocr_par' dir='ltr' id='par_1_2' title="bbox 247 261 1678 1545">
     <span class='ocr_line' id='line_1_2' title="bbox 247 261 1626 313; baseline 0.001 -12"><span class='ocrx_word' id='word_1_6' title='bbox 247 272 272 301; x_wconf 85' lang='lat'>2</span> <span class='ocrx_word' id='word_1_7' title='bbox 345 263 495 301; x_wconf 88' lang='lat' dir='ltr'>Amens</span> <span class='ocrx_word' id='word_1_8' title='bbox 528 262 624 300; x_wconf 87' lang='lat' dir='ltr'>mihi</span> <span class='ocrx_word' id='word_1_9' title='bbox 655 262 774 300; x_wconf 89' lang='lat' dir='ltr'>fuisse</span> <span class='ocrx_word' id='word_1_10' title='bbox 803 261 939 300; x_wconf 86' lang='lat' dir='ltr'>videor</span> <span class='ocrx_word' id='word_1_11' title='bbox 973 275 996 299; x_wconf 89' lang='lat' dir='ltr'>a</span> <span class='ocrx_word' id='word_1_12' title='bbox 1024 261 1217 313; x_wconf 90' lang='lat' dir='ltr'>principio</span> <span class='ocrx_word' id='word_1_13' title='bbox 1251 270 1288 301; x_wconf 94' lang='lat' dir='ltr'>et</span> <span class='ocrx_word' id='word_1_14' title='bbox 1323 276 1386 302; x_wconf 91' lang='lat' dir='ltr'>me</span> <span class='ocrx_word' id='word_1_15' title='bbox 1420 276 1499 301; x_wconf 90' lang='lat' dir='ltr'>una</span> <span class='ocrx_word' id='word_1_16' title='bbox 1527 264 1626 302; x_wconf 86' lang='lat' dir='ltr'>haec</span> 
     </span>
     <span class='ocr_line' id='line_1_3' title="bbox 288 327 1624 378; baseline 0 -12"><span class='ocrx_word' id='word_1_17' title='bbox 288 341 348 367; x_wconf 92' lang='lat' dir='ltr'>res</span> <span class='ocrx_word' id='word_1_18' title='bbox 370 334 524 377; x_wconf 80' lang='lat' dir='ltr'>torquet</span> <span class='ocrx_word' id='word_1_19' title='bbox 544 329 652 376; x_wconf 92' lang='lat' dir='ltr'>quod</span> <span class='ocrx_word' id='word_1_20' title='bbox 674 340 754 365; x_wconf 89' lang='lat' dir='ltr'>non</span> <span class='ocrx_word' id='word_1_21' title='bbox 776 327 960 365; x_wconf 87' lang='lat' dir='ltr'>omnibus</span> <span class='ocrx_word' id='word_1_22' title='bbox 981 327 1021 364; x_wconf 89' lang='lat' dir='ltr'>in</span> <span class='ocrx_word' id='word_1_23' title='bbox 1041 328 1157 366; x_wconf 88' lang='lat' dir='ltr'>rebus</span> <span class='ocrx_word' id='word_1_24' title='bbox 1183 328 1382 366; x_wconf 89' lang='lat' dir='ltr'>labentem</span> <span class='ocrx_word' id='word_1_25' title='bbox 1409 329 1469 366; x_wconf 93' lang='lat' dir='ltr'>vel</span> <span class='ocrx_word' id='word_1_26' title='bbox 1493 328 1624 378; x_wconf 90' lang='lat' dir='ltr'>potius</span> 
     </span>
     <span class='ocr_line' id='line_1_4' title="bbox 287 391 1619 441; baseline 0 -11"><span class='ocrx_word' id='word_1_27' title='bbox 287 400 466 430; x_wconf 91' lang='lat' dir='ltr'>ruentem</span> <span class='ocrx_word' id='word_1_28' title='bbox 487 391 722 441; x_wconf 87' lang='lat' dir='ltr'>Pompeium</span> <span class='ocrx_word' id='word_1_29' title='bbox 744 399 946 441; x_wconf 90' lang='lat' dir='ltr'>tamquam</span> <span class='ocrx_word' id='word_1_30' title='bbox 968 404 1068 430; x_wconf 82' lang='lat' dir='ltr'>unus</span> <span class='ocrx_word' id='word_1_31' title='bbox 1089 393 1342 434; x_wconf 77' lang='lat' dir='ltr'>maninularis</span> <span class='ocrx_word' id='word_1_32' title='bbox 1358 401 1515 431; x_wconf 90' lang='lat' dir='ltr'>secutus</span> <span class='ocrx_word' id='word_1_33' title='bbox 1536 393 1619 431; x_wconf 90' lang='lat' dir='ltr'>sim.</span> 
     </span>
     <span class='ocr_line' id='line_1_5' title="bbox 285 456 1622 507; baseline 0.001 -13"><span class='ocrx_word' id='word_1_34' title='bbox 285 456 380 495; x_wconf 92' lang='lat' dir='ltr'>Vidi</span> <span class='ocrx_word' id='word_1_35' title='bbox 402 456 603 495; x_wconf 87' lang='lat' dir='ltr'>hominem</span> <span class='ocrx_word' id='word_1_36' title='bbox 625 468 722 494; x_wconf 83' lang='lat' dir='ltr'>xlm</span> <span class='ocrx_word' id='word_1_37' title='bbox 742 458 798 494; x_wconf 83' lang='lat' dir='ltr'>K.</span> <span class='ocrx_word' id='word_1_38' title='bbox 820 457 931 495; x_wconf 82' lang='lat' dir='ltr'><strong>Febr.</strong></span> <span class='ocrx_word' id='word_1_39' title='bbox 954 458 1115 507; x_wconf 88' lang='lat' dir='ltr'>plenum</span> <span class='ocrx_word' id='word_1_40' title='bbox 1146 457 1376 496; x_wconf 87' lang='lat' dir='ltr'>formidinis.</span> <span class='ocrx_word' id='word_1_41' title='bbox 1437 459 1512 496; x_wconf 92' lang='lat' dir='ltr'>Illo</span> <span class='ocrx_word' id='word_1_42' title='bbox 1536 457 1622 507; x_wconf 88' lang='lat' dir='ltr'>ipso</span> 
     </span>
     <span class='ocr_line' id='line_1_6' title="bbox 285 521 1658 573; baseline 0 -13"><span class='ocrx_word' id='word_1_43' title='bbox 285 521 351 560; x_wconf 90' lang='lat' dir='ltr'>die</span> <span class='ocrx_word' id='word_1_44' title='bbox 377 521 480 560; x_wconf 87' lang='lat' dir='ltr'>sensi</span> <span class='ocrx_word' id='word_1_45' title='bbox 507 521 604 571; x_wconf 93' lang='lat' dir='ltr'>quid</span> <span class='ocrx_word' id='word_1_46' title='bbox 629 528 770 571; x_wconf 85' lang='lat' dir='ltr'>ageret.</span> <span class='ocrx_word' id='word_1_47' title='bbox 830 522 1061 571; x_wconf 82' lang='lat' dir='ltr'>Numquam</span> <span class='ocrx_word' id='word_1_48' title='bbox 1092 521 1188 560; x_wconf 90' lang='lat' dir='ltr'>mihi</span> <span class='ocrx_word' id='word_1_49' title='bbox 1214 530 1351 573; x_wconf 87' lang='lat' dir='ltr'>postea</span> <span class='ocrx_word' id='word_1_50' title='bbox 1377 522 1524 572; x_wconf 81' lang='lat' dir='ltr'>placuit</span> <span class='ocrx_word' id='word_1_51' title='bbox 1547 536 1621 560; x_wconf 92' lang='lat' dir='ltr'>nec</span> <span class='ocrx_word' id='word_1_52' title='bbox 1640 534 1658 567; x_wconf 85' lang='lat'>5</span> 
     </span>
     <span class='ocr_line' id='line_1_7' title="bbox 284 585 1621 636; baseline 0 -12"><span class='ocrx_word' id='word_1_53' title='bbox 284 599 474 636; x_wconf 90' lang='lat' dir='ltr'>umquam</span> <span class='ocrx_word' id='word_1_54' title='bbox 507 586 615 625; x_wconf 88' lang='lat' dir='ltr'>aliud</span> <span class='ocrx_word' id='word_1_55' title='bbox 646 585 686 624; x_wconf 90' lang='lat' dir='ltr'>in</span> <span class='ocrx_word' id='word_1_56' title='bbox 718 585 795 624; x_wconf 84' lang='lat' dir='ltr'>alio</span> <span class='ocrx_word' id='word_1_57' title='bbox 828 599 991 635; x_wconf 88' lang='lat' dir='ltr'>peccare</span> <span class='ocrx_word' id='word_1_58' title='bbox 1025 586 1184 624; x_wconf 79' lang='lat' dir='ltr'>destitit.</span> <span class='ocrx_word' id='word_1_59' title='bbox 1244 586 1353 624; x_wconf 90' lang='lat' dir='ltr'>Nihil</span> <span class='ocrx_word' id='word_1_60' title='bbox 1384 586 1539 624; x_wconf 90' lang='lat' dir='ltr'>interim</span> <span class='ocrx_word' id='word_1_61' title='bbox 1569 587 1621 624; x_wconf 86' lang='lat' dir='ltr'>ad</span> 
     </span>
     <span class='ocr_line' id='line_1_8' title="bbox 283 650 1620 701; baseline 0 -13"><span class='ocrx_word' id='word_1_62' title='bbox 283 663 348 689; x_wconf 88' lang='lat' dir='ltr'>me</span> <span class='ocrx_word' id='word_1_63' title='bbox 369 651 550 699; x_wconf 91' lang='lat' dir='ltr'>scribere,</span> <span class='ocrx_word' id='word_1_64' title='bbox 571 651 667 689; x_wconf 87' lang='lat' dir='ltr'>nihil</span> <span class='ocrx_word' id='word_1_65' title='bbox 687 650 762 688; x_wconf 93' lang='lat' dir='ltr'>nisi</span> <span class='ocrx_word' id='word_1_66' title='bbox 782 652 913 701; x_wconf 82' lang='lat' dir='ltr'>fugam</span> <span class='ocrx_word' id='word_1_67' title='bbox 934 651 1114 701; x_wconf 83' lang='lat' dir='ltr'>cogitare.</span> <span class='ocrx_word' id='word_1_68' title='bbox 1174 651 1283 700; x_wconf 85' lang='lat' dir='ltr'>Quid</span> <span class='ocrx_word' id='word_1_69' title='bbox 1304 651 1486 701; x_wconf 87' lang='lat' dir='ltr'>quaeris?</span> <span class='ocrx_word' id='word_1_70' title='bbox 1520 651 1620 689; x_wconf 88' lang='lat' dir='ltr'>sicut</span> 
     </span>
     <span class='ocr_line' id='line_1_9' title="bbox 284 715 1619 766; baseline 0 -12"><span class='ocrx_word' id='word_1_71' title='bbox 284 718 323 754; x_wconf 83' lang='grc' dir='ltr'>ἐν</span> <span class='ocrx_word' id='word_1_72' title='bbox 350 718 426 757; x_wconf 84' lang='grc' dir='ltr'>τοῖς</span> <span class='ocrx_word' id='word_1_73' title='bbox 449 720 631 766; x_wconf 87' lang='grc' dir='ltr'>ἐρωτικοῖς</span> <span class='ocrx_word' id='word_1_74' title='bbox 658 716 831 754; x_wconf 78' lang='lat' dir='ltr'>alienant</span> <span class='ocrx_word' id='word_1_75' title='bbox 851 716 1090 763; x_wconf 81' lang='lat' dir='ltr'>immundae,</span> <span class='ocrx_word' id='word_1_76' title='bbox 1115 716 1297 763; x_wconf 88' lang='lat' dir='ltr'>insulsae,</span> <span class='ocrx_word' id='word_1_77' title='bbox 1320 716 1543 763; x_wconf 79' lang='lat' dir='ltr'>indecorae,</span> <span class='ocrx_word' id='word_1_78' title='bbox 1564 715 1619 754; x_wconf 90' lang='lat' dir='ltr'>sic</span> 
     </span>
     <span class='ocr_line' id='line_1_10' title="bbox 284 781 1615 831; baseline 0 -13"><span class='ocrx_word' id='word_1_79' title='bbox 284 794 347 819; x_wconf 91' lang='lat' dir='ltr'>me</span> <span class='ocrx_word' id='word_1_80' title='bbox 368 781 468 819; x_wconf 93' lang='lat' dir='ltr'>illius</span> <span class='ocrx_word' id='word_1_81' title='bbox 489 783 602 831; x_wconf 83' lang='lat' dir='ltr'>fugae</span> <span class='ocrx_word' id='word_1_82' title='bbox 622 781 971 831; x_wconf 80' lang='lat' dir='ltr'>neglegentiaeque</span> <span class='ocrx_word' id='word_1_83' title='bbox 998 781 1224 819; x_wconf 81' lang='lat' dir='ltr'>deformitas</span> <span class='ocrx_word' id='word_1_84' title='bbox 1244 781 1382 819; x_wconf 90' lang='lat' dir='ltr'>avertit</span> <span class='ocrx_word' id='word_1_85' title='bbox 1401 781 1451 818; x_wconf 85' lang='lat' dir='ltr'>ab</span> <span class='ocrx_word' id='word_1_86' title='bbox 1471 794 1615 819; x_wconf 86' lang='lat' dir='ltr'>amore.</span> 
     </span>
     <span class='ocr_line' id='line_1_11' title="bbox 283 845 1678 896; baseline -0.001 -13"><span class='ocrx_word' id='word_1_87' title='bbox 283 846 392 884; x_wconf 91' lang='lat' dir='ltr'>Nihil</span> <span class='ocrx_word' id='word_1_88' title='bbox 414 846 519 884; x_wconf 92' lang='lat' dir='ltr'>enim</span> <span class='ocrx_word' id='word_1_89' title='bbox 540 846 703 895; x_wconf 83' lang='lat' dir='ltr'>dignum</span> <span class='ocrx_word' id='word_1_90' title='bbox 734 846 901 884; x_wconf 79' lang='lat' dir='ltr'>faciebat</span> <span class='ocrx_word' id='word_1_91' title='bbox 928 859 1006 895; x_wconf 87' lang='lat' dir='ltr'>qua</span> <span class='ocrx_word' id='word_1_92' title='bbox 1032 860 1071 884; x_wconf 92' lang='lat' dir='ltr'>re</span> <span class='ocrx_word' id='word_1_93' title='bbox 1098 845 1181 884; x_wconf 91' lang='lat' dir='ltr'>eius</span> <span class='ocrx_word' id='word_1_94' title='bbox 1209 847 1322 896; x_wconf 84' lang='lat' dir='ltr'>fugae</span> <span class='ocrx_word' id='word_1_95' title='bbox 1346 845 1533 883; x_wconf 90' lang='lat' dir='ltr'>comitem</span> <span class='ocrx_word' id='word_1_96' title='bbox 1554 858 1618 883; x_wconf 90' lang='lat' dir='ltr'>me</span> <span class='ocrx_word' id='word_1_97' title='bbox 1638 856 1678 881; x_wconf 89' lang='lat'>10</span> 
     </span>
     <span class='ocr_line' id='line_1_12' title="bbox 281 909 1618 961; baseline -0.001 -12"><span class='ocrx_word' id='word_1_98' title='bbox 281 911 549 961; x_wconf 84' lang='lat' dir='ltr'>adiungerem.</span> <span class='ocrx_word' id='word_1_99' title='bbox 606 912 725 949; x_wconf 85' lang='lat' dir='ltr'>Nunc</span> <span class='ocrx_word' id='word_1_100' title='bbox 757 911 918 961; x_wconf 83' lang='lat' dir='ltr'>emergit</span> <span class='ocrx_word' id='word_1_101' title='bbox 951 924 1075 959; x_wconf 90' lang='lat' dir='ltr'>amor,</span> <span class='ocrx_word' id='word_1_102' title='bbox 1106 924 1212 949; x_wconf 88' lang='lat' dir='ltr'>nunc</span> <span class='ocrx_word' id='word_1_103' title='bbox 1247 909 1485 949; x_wconf 91' lang='lat' dir='ltr'>desiderium</span> <span class='ocrx_word' id='word_1_104' title='bbox 1520 910 1618 948; x_wconf 83' lang='lat' dir='ltr'>ferre</span> 
     </span>
     <span class='ocr_line' id='line_1_13' title="bbox 282 974 1619 1026; baseline -0.001 -13"><span class='ocrx_word' id='word_1_105' title='bbox 282 988 362 1013; x_wconf 91' lang='lat' dir='ltr'>non</span> <span class='ocrx_word' id='word_1_106' title='bbox 383 989 555 1026; x_wconf 89' lang='lat' dir='ltr'>possum,</span> <span class='ocrx_word' id='word_1_107' title='bbox 571 989 677 1014; x_wconf 91' lang='lat' dir='ltr'>nunc</span> <span class='ocrx_word' id='word_1_108' title='bbox 694 975 789 1013; x_wconf 91' lang='lat' dir='ltr'>mihi</span> <span class='ocrx_word' id='word_1_109' title='bbox 805 975 901 1013; x_wconf 89' lang='lat' dir='ltr'>nihil</span> <span class='ocrx_word' id='word_1_110' title='bbox 918 975 1128 1023; x_wconf 89' lang='lat' dir='ltr'>libri,nihil</span> <span class='ocrx_word' id='word_1_111' title='bbox 1149 975 1308 1022; x_wconf 82' lang='lat' dir='ltr'>litterae,</span> <span class='ocrx_word' id='word_1_112' title='bbox 1325 974 1421 1012; x_wconf 91' lang='lat' dir='ltr'>nihil</span> <span class='ocrx_word' id='word_1_113' title='bbox 1438 974 1619 1013; x_wconf 90' lang='lat' dir='ltr'>doctrina</span> 
     </span>
     <span class='ocr_line' id='line_1_14' title="bbox 280 1040 1618 1090; baseline 0.001 -12"><span class='ocrx_word' id='word_1_114' title='bbox 280 1042 452 1090; x_wconf 87' lang='lat' dir='ltr'>prodest.</span> <span class='ocrx_word' id='word_1_115' title='bbox 512 1042 571 1078; x_wconf 88' lang='lat' dir='ltr'>Ita</span> <span class='ocrx_word' id='word_1_116' title='bbox 601 1040 684 1079; x_wconf 88' lang='lat' dir='ltr'>dies</span> <span class='ocrx_word' id='word_1_117' title='bbox 716 1048 753 1079; x_wconf 90' lang='lat' dir='ltr'>et</span> <span class='ocrx_word' id='word_1_118' title='bbox 784 1048 921 1078; x_wconf 88' lang='lat' dir='ltr'>noctes</span> <span class='ocrx_word' id='word_1_119' title='bbox 951 1048 1152 1090; x_wconf 83' lang='lat' dir='ltr'>tamquam</span> <span class='ocrx_word' id='word_1_120' title='bbox 1186 1040 1267 1078; x_wconf 90' lang='lat' dir='ltr'>avis</span> <span class='ocrx_word' id='word_1_121' title='bbox 1299 1041 1364 1078; x_wconf 88' lang='lat' dir='ltr'>illa</span> <span class='ocrx_word' id='word_1_122' title='bbox 1393 1054 1499 1078; x_wconf 89' lang='lat' dir='ltr'>mare</span> <span class='ocrx_word' id='word_1_123' title='bbox 1532 1053 1618 1090; x_wconf 90' lang='lat' dir='ltr'>pro-</span> 
     </span>
     <span class='ocr_line' id='line_1_15' title="bbox 280 1105 1615 1156; baseline -0.001 -13"><span class='ocrx_word' id='word_1_124' title='bbox 280 1114 416 1156; x_wconf 86' lang='lat' dir='ltr'>specto</span> <span class='ocrx_word' id='word_1_125' title='bbox 450 1107 602 1144; x_wconf 86' lang='lat' dir='ltr'>evolare</span> <span class='ocrx_word' id='word_1_126' title='bbox 641 1105 768 1156; x_wconf 83' lang='lat' dir='ltr'>cupio.</span> <span class='ocrx_word' id='word_1_127' title='bbox 830 1107 905 1152; x_wconf 83' lang='lat' dir='ltr'>Do,</span> <span class='ocrx_word' id='word_1_128' title='bbox 946 1107 999 1144; x_wconf 93' lang='lat' dir='ltr'>do</span> <span class='ocrx_word' id='word_1_129' title='bbox 1037 1118 1185 1155; x_wconf 90' lang='lat' dir='ltr'>poenas</span> <span class='ocrx_word' id='word_1_130' title='bbox 1224 1105 1451 1144; x_wconf 88' lang='lat' dir='ltr'>temeritatis</span> <span class='ocrx_word' id='word_1_131' title='bbox 1490 1118 1615 1143; x_wconf 86' lang='lat' dir='ltr'>meae.</span> 
     </span>
     <span class='ocr_line' id='line_1_16' title="bbox 280 1169 1673 1220; baseline -0.001 -12"><span class='ocrx_word' id='word_1_132' title='bbox 280 1170 364 1208; x_wconf 83' lang='lat' dir='ltr'>Etsi</span> <span class='ocrx_word' id='word_1_133' title='bbox 399 1184 498 1220; x_wconf 89' lang='lat' dir='ltr'>quae</span> <span class='ocrx_word' id='word_1_134' title='bbox 530 1170 601 1208; x_wconf 89' lang='lat' dir='ltr'>fuit</span> <span class='ocrx_word' id='word_1_135' title='bbox 632 1170 696 1208; x_wconf 90' lang='lat' dir='ltr'>illa</span> <span class='ocrx_word' id='word_1_136' title='bbox 727 1170 955 1209; x_wconf 87' lang='lat' dir='ltr'>temeritas?</span> <span class='ocrx_word' id='word_1_137' title='bbox 997 1170 1092 1220; x_wconf 93' lang='lat' dir='ltr'>quid</span> <span class='ocrx_word' id='word_1_138' title='bbox 1122 1169 1197 1208; x_wconf 87' lang='lat' dir='ltr'>feci</span> <span class='ocrx_word' id='word_1_139' title='bbox 1230 1183 1311 1208; x_wconf 92' lang='lat' dir='ltr'>non</span> <span class='ocrx_word' id='word_1_140' title='bbox 1345 1169 1616 1208; x_wconf 89' lang='lat' dir='ltr'>consideratis-</span> <span class='ocrx_word' id='word_1_141' title='bbox 1637 1181 1673 1213; x_wconf 82' lang='lat'>15</span> 
     </span>
     <span class='ocr_line' id='line_1_17' title="bbox 279 1234 1613 1285; baseline -0.001 -12"><span class='ocrx_word' id='word_1_142' title='bbox 279 1234 405 1274; x_wconf 83' lang='lat' dir='ltr'>sime?</span> <span class='ocrx_word' id='word_1_143' title='bbox 461 1235 501 1274; x_wconf 89' lang='lat' dir='ltr'>Si</span> <span class='ocrx_word' id='word_1_144' title='bbox 530 1235 635 1274; x_wconf 90' lang='lat' dir='ltr'>enim</span> <span class='ocrx_word' id='word_1_145' title='bbox 665 1235 762 1273; x_wconf 87' lang='lat' dir='ltr'>nihil</span> <span class='ocrx_word' id='word_1_146' title='bbox 791 1242 942 1285; x_wconf 88' lang='lat' dir='ltr'>praeter</span> <span class='ocrx_word' id='word_1_147' title='bbox 970 1236 1102 1285; x_wconf 83' lang='lat' dir='ltr'>fugam</span> <span class='ocrx_word' id='word_1_148' title='bbox 1134 1242 1393 1284; x_wconf 87' lang='lat' dir='ltr'>quaereretur,</span> <span class='ocrx_word' id='word_1_149' title='bbox 1427 1234 1613 1284; x_wconf 83' lang='lat' dir='ltr'>fugissem</span> 
     </span>
     <span class='ocr_line' id='line_1_18' title="bbox 277 1298 1613 1349; baseline -0.001 -11"><span class='ocrx_word' id='word_1_150' title='bbox 277 1299 546 1347; x_wconf 88' lang='lat' dir='ltr'>libentissime,</span> <span class='ocrx_word' id='word_1_151' title='bbox 582 1301 652 1338; x_wconf 89' lang='lat' dir='ltr'>sed</span> <span class='ocrx_word' id='word_1_152' title='bbox 680 1313 803 1349; x_wconf 84' lang='lat' dir='ltr'>genus</span> <span class='ocrx_word' id='word_1_153' title='bbox 834 1299 926 1338; x_wconf 90' lang='lat' dir='ltr'>belli</span> <span class='ocrx_word' id='word_1_154' title='bbox 960 1298 1218 1338; x_wconf 90' lang='lat' dir='ltr'>crudelissimi</span> <span class='ocrx_word' id='word_1_155' title='bbox 1248 1307 1286 1337; x_wconf 90' lang='lat' dir='ltr'>et</span> <span class='ocrx_word' id='word_1_156' title='bbox 1318 1299 1476 1337; x_wconf 84' lang='lat' dir='ltr'>maximi</span> <span class='ocrx_word' id='word_1_157' title='bbox 1504 1300 1613 1349; x_wconf 91' lang='lat' dir='ltr'>quod</span> 
     </span>
     <span class='ocr_line' id='line_1_19' title="bbox 278 1364 1613 1414; baseline 0 -12"><span class='ocrx_word' id='word_1_158' title='bbox 278 1367 457 1404; x_wconf 91' lang='lat' dir='ltr'>nondum</span> <span class='ocrx_word' id='word_1_159' title='bbox 479 1365 613 1404; x_wconf 89' lang='lat' dir='ltr'>vident</span> <span class='ocrx_word' id='word_1_160' title='bbox 633 1365 814 1403; x_wconf 90' lang='lat' dir='ltr'>homines</span> <span class='ocrx_word' id='word_1_161' title='bbox 835 1366 950 1414; x_wconf 89' lang='lat' dir='ltr'>quale</span> <span class='ocrx_word' id='word_1_162' title='bbox 971 1366 1144 1402; x_wconf 89' lang='lat' dir='ltr'>futurum</span> <span class='ocrx_word' id='word_1_163' title='bbox 1174 1364 1223 1403; x_wconf 90' lang='lat' dir='ltr'>sit</span> <span class='ocrx_word' id='word_1_164' title='bbox 1243 1364 1458 1414; x_wconf 86' lang='lat' dir='ltr'>perhorrui.</span> <span class='ocrx_word' id='word_1_165' title='bbox 1499 1366 1613 1413; x_wconf 86' lang='lat' dir='ltr'>Quae</span> 
     </span>
     <span class='ocr_line' id='line_1_20' title="bbox 278 1429 1612 1480; baseline -0.001 -12"><span class='ocrx_word' id='word_1_166' title='bbox 278 1430 407 1468; x_wconf 87' lang='lat' dir='ltr'>minae</span> <span class='ocrx_word' id='word_1_167' title='bbox 428 1430 661 1480; x_wconf 87' lang='lat' dir='ltr'>municipiis,</span> <span class='ocrx_word' id='word_1_168' title='bbox 684 1444 785 1480; x_wconf 88' lang='lat' dir='ltr'>quae</span> <span class='ocrx_word' id='word_1_169' title='bbox 805 1429 1038 1468; x_wconf 86' lang='lat' dir='ltr'>nominatim</span> <span class='ocrx_word' id='word_1_170' title='bbox 1059 1430 1147 1468; x_wconf 88' lang='lat' dir='ltr'>viris</span> <span class='ocrx_word' id='word_1_171' title='bbox 1168 1430 1293 1476; x_wconf 90' lang='lat' dir='ltr'>bonis,</span> <span class='ocrx_word' id='word_1_172' title='bbox 1317 1443 1418 1479; x_wconf 82' lang='lat' dir='ltr'>quae</span> <span class='ocrx_word' id='word_1_173' title='bbox 1439 1429 1612 1479; x_wconf 89' lang='lat' dir='ltr'>denique</span> 
     </span>
     <span class='ocr_line' id='line_1_21' title="bbox 278 1494 1671 1545; baseline -0.001 -12"><span class='ocrx_word' id='word_1_174' title='bbox 278 1495 462 1534; x_wconf 87' lang='lat' dir='ltr'>omnibus</span> <span class='ocrx_word' id='word_1_175' title='bbox 483 1495 549 1545; x_wconf 92' lang='lat' dir='ltr'>qui</span> <span class='ocrx_word' id='word_1_176' title='bbox 571 1495 870 1534; x_wconf 78' lang='lat' dir='ltr'>remansissent!</span> <span class='ocrx_word' id='word_1_177' title='bbox 901 1509 1019 1545; x_wconf 85' lang='lat' dir='ltr'>quam</span> <span class='ocrx_word' id='word_1_178' title='bbox 1040 1496 1177 1534; x_wconf 88' lang='lat' dir='ltr'>crebro</span> <span class='ocrx_word' id='word_1_179' title='bbox 1198 1495 1295 1533; x_wconf 93' lang='lat' dir='ltr'>illud</span> <span class='ocrx_word' id='word_1_180' title='bbox 1318 1498 1325 1514; x_wconf 86' lang='lat'>‘</span> <span class='ocrx_word' id='word_1_181' title='bbox 1343 1496 1449 1533; x_wconf 87' lang='lat' dir='ltr'>Sulla</span> <span class='ocrx_word' id='word_1_182' title='bbox 1469 1494 1607 1545; x_wconf 88' lang='lat' dir='ltr'>potuit,</span> <span class='ocrx_word' id='word_1_183' title='bbox 1630 1511 1671 1533; x_wconf 89' lang='lat'>20</span> 
     </span>
    </p>

    <p class='ocr_par' dir='ltr' id='par_1_3' title="bbox 235 1559 1665 2063">
     <span class='ocr_line' id='line_1_22' title="bbox 235 1559 1610 1611; baseline -0.001 -13"><span class='ocrx_word' id='word_1_184' title='bbox 235 1573 258 1611; x_wconf 89' lang='lat'><strong>3</strong></span> <span class='ocrx_word' id='word_1_185' title='bbox 278 1573 350 1610; x_wconf 81' lang='lat' dir='ltr'>ego</span> <span class='ocrx_word' id='word_1_186' title='bbox 390 1574 469 1598; x_wconf 93' lang='lat' dir='ltr'>non</span> <span class='ocrx_word' id='word_1_187' title='bbox 509 1562 700 1610; x_wconf 80' lang='lat' dir='ltr'>poter0?&#39;</span> <span class='ocrx_word' id='word_1_188' title='bbox 772 1560 873 1597; x_wconf 85' lang='lat' dir='ltr'>Mihi</span> <span class='ocrx_word' id='word_1_189' title='bbox 919 1568 1051 1598; x_wconf 88' lang='lat' dir='ltr'>autem</span> <span class='ocrx_word' id='word_1_190' title='bbox 1098 1561 1308 1598; x_wconf 89' lang='lat' dir='ltr'>haeserunt</span> <span class='ocrx_word' id='word_1_191' title='bbox 1356 1559 1430 1597; x_wconf 85' lang='lat' dir='ltr'>illa.</span> <span class='ocrx_word' id='word_1_192' title='bbox 1504 1561 1610 1597; x_wconf 85' lang='lat' dir='ltr'>Male</span> 
     </span>
     <span class='ocr_line' id='line_1_23' title="bbox 276 1625 1610 1674; baseline 0 -12"><span class='ocrx_word' id='word_1_193' title='bbox 276 1625 514 1674; x_wconf 82' lang='lat' dir='ltr'>Tarquinius</span> <span class='ocrx_word' id='word_1_194' title='bbox 543 1625 608 1674; x_wconf 92' lang='lat' dir='ltr'>qui</span> <span class='ocrx_word' id='word_1_195' title='bbox 639 1627 864 1672; x_wconf 81' lang='lat' dir='ltr'>Porsenam,</span> <span class='ocrx_word' id='word_1_196' title='bbox 885 1625 951 1674; x_wconf 90' lang='lat' dir='ltr'>qui</span> <span class='ocrx_word' id='word_1_197' title='bbox 982 1625 1191 1663; x_wconf 84' lang='lat' dir='ltr'>Octavium</span> <span class='ocrx_word' id='word_1_198' title='bbox 1221 1625 1443 1662; x_wconf 88' lang='lat' dir='ltr'>Mamilium</span> <span class='ocrx_word' id='word_1_199' title='bbox 1474 1632 1610 1662; x_wconf 82' lang='lat' dir='ltr'>contra</span> 
     </span>
     <span class='ocr_line' id='line_1_24' title="bbox 274 1689 1604 1740; baseline 0 -13"><span class='ocrx_word' id='word_1_200' title='bbox 274 1690 453 1740; x_wconf 87' lang='lat' dir='ltr'>patriam,</span> <span class='ocrx_word' id='word_1_201' title='bbox 492 1690 610 1739; x_wconf 88' lang='lat' dir='ltr'>impie</span> <span class='ocrx_word' id='word_1_202' title='bbox 650 1689 882 1729; x_wconf 83' lang='lat' dir='ltr'>Coriolanus</span> <span class='ocrx_word' id='word_1_203' title='bbox 911 1690 984 1738; x_wconf 75' lang='lat' dir='ltr'>qni</span> <span class='ocrx_word' id='word_1_204' title='bbox 1011 1690 1197 1727; x_wconf 80' lang='lat' dir='ltr'>auxilium</span> <span class='ocrx_word' id='word_1_205' title='bbox 1230 1689 1340 1739; x_wconf 88' lang='lat' dir='ltr'>petiit</span> <span class='ocrx_word' id='word_1_206' title='bbox 1378 1703 1401 1727; x_wconf 92' lang='lat' dir='ltr'>a</span> <span class='ocrx_word' id='word_1_207' title='bbox 1439 1689 1604 1736; x_wconf 82' lang='lat' dir='ltr'>Volscis,</span> 
     </span>
     <span class='ocr_line' id='line_1_25' title="bbox 272 1753 1608 1803; baseline -0.001 -10"><span class='ocrx_word' id='word_1_208' title='bbox 272 1762 376 1793; x_wconf 92' lang='lat' dir='ltr'>recte</span> <span class='ocrx_word' id='word_1_209' title='bbox 403 1754 691 1792; x_wconf 85' lang='lat' dir='ltr'>Themistocles</span> <span class='ocrx_word' id='word_1_210' title='bbox 721 1753 788 1803; x_wconf 92' lang='lat' dir='ltr'>qui</span> <span class='ocrx_word' id='word_1_211' title='bbox 820 1753 919 1792; x_wconf 90' lang='lat' dir='ltr'>mori</span> <span class='ocrx_word' id='word_1_212' title='bbox 954 1753 1100 1799; x_wconf 88' lang='lat' dir='ltr'>maluit,</span> <span class='ocrx_word' id='word_1_213' title='bbox 1124 1754 1293 1792; x_wconf 85' lang='lat' dir='ltr'>nefarius</span> <span class='ocrx_word' id='word_1_214' title='bbox 1323 1753 1492 1803; x_wconf 88' lang='lat' dir='ltr'>Hippias</span> <span class='ocrx_word' id='word_1_215' title='bbox 1515 1754 1608 1791; x_wconf 86' lang='lat' dir='ltr'>Pisi-</span> 
     </span>
     <span class='ocr_line' id='line_1_26' title="bbox 271 1818 1665 1868; baseline -0.001 -11"><span class='ocrx_word' id='word_1_216' title='bbox 271 1818 377 1858; x_wconf 87' lang='lat' dir='ltr'>strati</span> <span class='ocrx_word' id='word_1_217' title='bbox 408 1819 508 1857; x_wconf 84' lang='lat' dir='ltr'>filius</span> <span class='ocrx_word' id='word_1_218' title='bbox 539 1818 605 1868; x_wconf 89' lang='lat' dir='ltr'>qui</span> <span class='ocrx_word' id='word_1_219' title='bbox 637 1819 676 1856; x_wconf 91' lang='lat' dir='ltr'>in</span> <span class='ocrx_word' id='word_1_220' title='bbox 713 1818 962 1856; x_wconf 77' lang='lat' dir='ltr'>Marathonia</span> <span class='ocrx_word' id='word_1_221' title='bbox 992 1832 1123 1868; x_wconf 78' lang='lat' dir='ltr'>pugna</span> <span class='ocrx_word' id='word_1_222' title='bbox 1155 1818 1298 1856; x_wconf 88' lang='lat' dir='ltr'>cecidit</span> <span class='ocrx_word' id='word_1_223' title='bbox 1331 1832 1438 1856; x_wconf 87' lang='lat' dir='ltr'>arma</span> <span class='ocrx_word' id='word_1_224' title='bbox 1471 1826 1606 1857; x_wconf 85' lang='lat' dir='ltr'>contra</span> <span class='ocrx_word' id='word_1_225' title='bbox 1629 1834 1665 1865; x_wconf 86' lang='lat'>25</span> 
     </span>
     <span class='ocr_line' id='line_1_27' title="bbox 270 1883 1606 1935; baseline 0 -13"><span class='ocrx_word' id='word_1_226' title='bbox 270 1884 433 1935; x_wconf 87' lang='lat' dir='ltr'>patriam</span> <span class='ocrx_word' id='word_1_227' title='bbox 455 1885 591 1922; x_wconf 85' lang='lat' dir='ltr'>ferens.</span> <span class='ocrx_word' id='word_1_228' title='bbox 652 1886 703 1921; x_wconf 80' lang='lat' dir='ltr'>At</span> <span class='ocrx_word' id='word_1_229' title='bbox 728 1885 844 1930; x_wconf 85' lang='lat' dir='ltr'>Sulla,</span> <span class='ocrx_word' id='word_1_230' title='bbox 866 1891 905 1921; x_wconf 85' lang='lat' dir='ltr'>at</span> <span class='ocrx_word' id='word_1_231' title='bbox 936 1883 1094 1929; x_wconf 82' lang='lat' dir='ltr'>Marius,</span> <span class='ocrx_word' id='word_1_232' title='bbox 1117 1891 1156 1920; x_wconf 87' lang='lat' dir='ltr'>at</span> <span class='ocrx_word' id='word_1_233' title='bbox 1187 1883 1315 1922; x_wconf 89' lang='lat' dir='ltr'>Cinna</span> <span class='ocrx_word' id='word_1_234' title='bbox 1344 1891 1459 1929; x_wconf 87' lang='lat' dir='ltr'>recte,</span> <span class='ocrx_word' id='word_1_235' title='bbox 1483 1883 1606 1922; x_wconf 88' lang='lat' dir='ltr'>immo</span> 
     </span>
     <span class='ocr_line' id='line_1_28' title="bbox 269 1948 1605 1998; baseline 0 -11"><span class='ocrx_word' id='word_1_236' title='bbox 269 1949 351 1988; x_wconf 89' lang='lat' dir='ltr'>iure</span> <span class='ocrx_word' id='word_1_237' title='bbox 389 1951 577 1993; x_wconf 79' lang='lat' dir='ltr'>fortasse3</span> <span class='ocrx_word' id='word_1_238' title='bbox 625 1950 694 1987; x_wconf 88' lang='lat' dir='ltr'>sed</span> <span class='ocrx_word' id='word_1_239' title='bbox 740 1948 835 1998; x_wconf 93' lang='lat' dir='ltr'>quid</span> <span class='ocrx_word' id='word_1_240' title='bbox 878 1962 1013 1986; x_wconf 91' lang='lat' dir='ltr'>eorum</span> <span class='ocrx_word' id='word_1_241' title='bbox 1053 1948 1213 1986; x_wconf 89' lang='lat' dir='ltr'>victoria</span> <span class='ocrx_word' id='word_1_242' title='bbox 1258 1948 1466 1995; x_wconf 90' lang='lat' dir='ltr'>crudelius,</span> <span class='ocrx_word' id='word_1_243' title='bbox 1509 1948 1605 1998; x_wconf 93' lang='lat' dir='ltr'>quid</span> 
     </span>
     <span class='ocr_line' id='line_1_29' title="bbox 268 2013 1605 2063; baseline -0.001 -11"><span class='ocrx_word' id='word_1_244' title='bbox 268 2014 488 2052; x_wconf 87' lang='lat' dir='ltr'>funestius?</span> <span class='ocrx_word' id='word_1_245' title='bbox 546 2013 677 2051; x_wconf 86' lang='lat' dir='ltr'>Huius</span> <span class='ocrx_word' id='word_1_246' title='bbox 708 2013 800 2051; x_wconf 85' lang='lat' dir='ltr'>belli</span> <span class='ocrx_word' id='word_1_247' title='bbox 829 2026 951 2062; x_wconf 81' lang='lat' dir='ltr'>genus</span> <span class='ocrx_word' id='word_1_248' title='bbox 981 2013 1060 2063; x_wconf 82' lang='lat' dir='ltr'>fugi</span> <span class='ocrx_word' id='word_1_249' title='bbox 1090 2021 1128 2051; x_wconf 90' lang='lat' dir='ltr'>et</span> <span class='ocrx_word' id='word_1_250' title='bbox 1157 2027 1204 2051; x_wconf 94' lang='lat' dir='ltr'>eo</span> <span class='ocrx_word' id='word_1_251' title='bbox 1235 2013 1356 2062; x_wconf 82' lang='lat' dir='ltr'>magis</span> <span class='ocrx_word' id='word_1_252' title='bbox 1384 2014 1492 2063; x_wconf 91' lang='lat' dir='ltr'>quod</span> <span class='ocrx_word' id='word_1_253' title='bbox 1523 2027 1605 2051; x_wconf 90' lang='lat' dir='ltr'>cru-</span> 
     </span>
    </p>
   </div>
   <div class='ocr_carea' id='block_1_3' title="bbox 268 2115 1604 2419">
    <p class='ocr_par' dir='ltr' id='par_1_4' title="bbox 268 2115 1604 2419">
     <span class='ocr_line' id='line_1_30' title="bbox 311 2115 1604 2158; baseline 0 -10"><span class='ocrx_word' id='word_1_254' title='bbox 311 2120 332 2148; x_wconf 90' lang='lat'><strong>6</strong></span> <span class='ocrx_word' id='word_1_255' title='bbox 349 2118 399 2158; x_wconf 91' lang='lat' dir='ltr'>in]</span> <span class='ocrx_word' id='word_1_256' title='bbox 418 2128 460 2148; x_wconf 78' lang='lat' dir='ltr'>ex</span> <span class='ocrx_word' id='word_1_257' title='bbox 478 2117 611 2147; x_wconf 78' lang='lat' dir='ltr'>Ernesti</span> <span class='ocrx_word' id='word_1_258' title='bbox 704 2117 724 2146; x_wconf 91' lang='lat'>8</span> <span class='ocrx_word' id='word_1_259' title='bbox 741 2117 910 2147; x_wconf 86' lang='lat' dir='ltr'>alienant.</span> <span class='ocrx_word' id='word_1_260' title='bbox 923 2140 930 2148; x_wconf 93' lang='lat'>.</span> <span class='ocrx_word' id='word_1_261' title='bbox 945 2140 951 2146; x_wconf 90' lang='lat'>.</span> <span class='ocrx_word' id='word_1_262' title='bbox 970 2115 1035 2155; x_wconf 74' lang='lat' dir='ltr'>sic]</span> <span class='ocrx_word' id='word_1_263' title='bbox 1057 2116 1143 2152; x_wconf 57' lang='lat' dir='ltr'><em>Vict„</em></span> <span class='ocrx_word' id='word_1_264' title='bbox 1170 2115 1321 2156; x_wconf 80' lang='lat' dir='ltr'>idemque</span> <span class='ocrx_word' id='word_1_265' title='bbox 1337 2116 1489 2147; x_wconf 74' lang='lat' dir='ltr'>Schmidt</span> <span class='ocrx_word' id='word_1_266' title='bbox 1505 2117 1562 2148; x_wconf 81' lang='lat' dir='ltr'>sed</span> <span class='ocrx_word' id='word_1_267' title='bbox 1576 2118 1604 2148; x_wconf 73' lang='lat' dir='ltr'>is</span> 
     </span>
     <span class='ocr_line' id='line_1_31' title="bbox 268 2160 1601 2199; baseline -0.001 -7"><span class='ocrx_word' id='word_1_268' title='bbox 268 2162 460 2193; x_wconf 82' lang='lat' dir='ltr'>alienantur</span> <span class='ocrx_word' id='word_1_269' title='bbox 477 2162 531 2199; x_wconf 74' lang='lat' dir='ltr'>(sc.</span> <span class='ocrx_word' id='word_1_270' title='bbox 553 2162 591 2191; x_wconf 80' lang='lat' dir='ltr'>al)</span> <span class='ocrx_word' id='word_1_271' title='bbox 609 2161 828 2193; x_wconf 53' lang='lat' dir='ltr'>amatoribuss</span> <span class='ocrx_word' id='word_1_272' title='bbox 846 2171 853 2190; x_wconf 74' lang='grc' dir='ltr'>ε</span> <span class='ocrx_word' id='word_1_273' title='bbox 887 2160 1077 2190; x_wconf 81' lang='lat' dir='ltr'>alienantur</span> <span class='ocrx_word' id='word_1_274' title='bbox 1102 2161 1272 2190; x_wconf 83' lang='lat' dir='ltr'>immunde</span> <span class='ocrx_word' id='word_1_275' title='bbox 1296 2160 1416 2191; x_wconf 86' lang='lat' dir='ltr'>insulis</span> <span class='ocrx_word' id='word_1_276' title='bbox 1436 2162 1526 2192; x_wconf 87' lang='lat' dir='ltr'>unde</span> <span class='ocrx_word' id='word_1_277' title='bbox 1544 2162 1601 2191; x_wconf 88' lang='lat' dir='ltr'>de-</span> 
     </span>
     <span class='ocr_line' id='line_1_32' title="bbox 269 2204 1600 2243; baseline 0 -8"><span class='ocrx_word' id='word_1_278' title='bbox 269 2216 346 2236; x_wconf 81' lang='lat' dir='ltr'>core</span> <span class='ocrx_word' id='word_1_279' title='bbox 365 2206 401 2235; x_wconf 88' lang='lat' dir='ltr'>fit</span> <span class='ocrx_word' id='word_1_280' title='bbox 422 2205 469 2235; x_wconf 83' lang='lat' dir='ltr'>sic</span> <span class='ocrx_word' id='word_1_281' title='bbox 489 2205 548 2235; x_wconf 86' lang='lat' dir='ltr'>M:</span> <span class='ocrx_word' id='word_1_282' title='bbox 585 2205 770 2235; x_wconf 84' lang='lat' dir='ltr'>alienamur</span> <span class='ocrx_word' id='word_1_283' title='bbox 794 2204 821 2234; x_wconf 84' lang='lat' dir='ltr'>si</span> <span class='ocrx_word' id='word_1_284' title='bbox 846 2204 926 2242; x_wconf 86' lang='lat' dir='ltr'>quid</span> <span class='ocrx_word' id='word_1_285' title='bbox 953 2204 1122 2234; x_wconf 88' lang='lat' dir='ltr'>immunde</span> <span class='ocrx_word' id='word_1_286' title='bbox 1147 2205 1273 2234; x_wconf 84' lang='lat' dir='ltr'>insulse</span> <span class='ocrx_word' id='word_1_287' title='bbox 1298 2204 1457 2234; x_wconf 86' lang='lat' dir='ltr'>indecore</span> <span class='ocrx_word' id='word_1_288' title='bbox 1486 2206 1534 2243; x_wconf 87' lang='lat' dir='ltr'>fit,</span> <span class='ocrx_word' id='word_1_289' title='bbox 1552 2205 1600 2235; x_wconf 87' lang='lat' dir='ltr'>sic</span> 
     </span>
     <span class='ocr_line' id='line_1_33' title="bbox 271 2247 1604 2288; baseline -0.001 -10"><span class='ocrx_word' id='word_1_290' title='bbox 271 2248 427 2288; x_wconf 61' lang='lat' dir='ltr'>llladvtg:</span> <span class='ocrx_word' id='word_1_291' title='bbox 462 2249 611 2279; x_wconf 82' lang='lat' dir='ltr'>alienant</span> <span class='ocrx_word' id='word_1_292' title='bbox 627 2249 718 2278; x_wconf 78' lang='lat' dir='ltr'>viros</span> <span class='ocrx_word' id='word_1_293' title='bbox 744 2248 936 2277; x_wconf 85' lang='lat' dir='ltr'>immundae</span> <span class='ocrx_word' id='word_1_294' title='bbox 962 2247 1107 2278; x_wconf 84' lang='lat' dir='ltr'>insulsae</span> <span class='ocrx_word' id='word_1_295' title='bbox 1130 2248 1310 2278; x_wconf 80' lang='lat' dir='ltr'>indecorae</span> <span class='ocrx_word' id='word_1_296' title='bbox 1334 2248 1392 2286; x_wconf 64' lang='lat' dir='ltr'>sic,</span> <span class='ocrx_word' id='word_1_297' title='bbox 1412 2248 1459 2278; x_wconf 85' lang='lat' dir='ltr'>sic</span> <span class='ocrx_word' id='word_1_298' title='bbox 1483 2248 1604 2287; x_wconf 70' lang='lat' dir='ltr'>Tyrrell</span> 
     </span>
     <span class='ocr_line' id='line_1_34' title="bbox 271 2289 1598 2332; baseline -0.002 -10"><span class='ocrx_word' id='word_1_299' title='bbox 271 2303 311 2322; x_wconf 83' lang='lat'>22</span> <span class='ocrx_word' id='word_1_300' title='bbox 339 2293 521 2322; x_wconf 77' lang='lat' dir='ltr'>porsenam</span> <span class='ocrx_word' id='word_1_301' title='bbox 540 2293 628 2332; x_wconf 76' lang='lat' dir='ltr'><em>vulg.</em></span> <span class='ocrx_word' id='word_1_302' title='bbox 644 2303 649 2321; x_wconf 90' lang='lat'>:</span> <span class='ocrx_word' id='word_1_303' title='bbox 679 2292 852 2321; x_wconf 81' lang='lat' dir='ltr'>Porsinam</span> <span class='ocrx_word' id='word_1_304' title='bbox 871 2289 918 2321; x_wconf 92' lang='lat' dir='ltr'>M.</span> <span class='ocrx_word' id='word_1_305' title='bbox 979 2291 1069 2320; x_wconf 77' lang='lat' dir='ltr'>Ante</span> <span class='ocrx_word' id='word_1_306' title='bbox 1086 2296 1203 2322; x_wconf 87' lang='lat' dir='ltr'>contra</span> <span class='ocrx_word' id='word_1_307' title='bbox 1224 2291 1301 2322; x_wconf 82' lang='lat' dir='ltr'>add.</span> <span class='ocrx_word' id='word_1_308' title='bbox 1320 2291 1499 2321; x_wconf 78' lang='lat' dir='ltr'>concitavit</span> <span class='ocrx_word' id='word_1_309' title='bbox 1516 2290 1598 2320; x_wconf 73' lang='lat' dir='ltr'>Leh-</span> 
     </span>
     <span class='ocr_line' id='line_1_35' title="bbox 271 2333 1597 2376; baseline -0.001 -11"><span class='ocrx_word' id='word_1_310' title='bbox 271 2346 387 2371; x_wconf 78' lang='lat' dir='ltr'>mann,</span> <span class='ocrx_word' id='word_1_311' title='bbox 408 2336 463 2365; x_wconf 67' lang='lat' dir='ltr'>sed</span> <span class='ocrx_word' id='word_1_312' title='bbox 485 2336 520 2374; x_wconf 68' lang='lat' dir='ltr'>cfi</span> <span class='ocrx_word' id='word_1_313' title='bbox 542 2347 570 2367; x_wconf 92' lang='grc' dir='ltr'>ν.</span> <span class='ocrx_word' id='word_1_314' title='bbox 593 2346 641 2376; x_wconf 88' lang='lat'>17.</span> <span class='ocrx_word' id='word_1_315' title='bbox 659 2345 679 2374; x_wconf 85' lang='grc'>3</span> <span class='ocrx_word' id='word_1_316' title='bbox 696 2339 723 2366; x_wconf 82' lang='lat' dir='ltr'>ct</span> <span class='ocrx_word' id='word_1_317' title='bbox 738 2334 952 2365; x_wconf 70' lang='lat' dir='ltr'>Heidemann</span> <span class='ocrx_word' id='word_1_318' title='bbox 978 2336 985 2350; x_wconf 86' lang='lat'><em>‘</em></span> <span class='ocrx_word' id='word_1_319' title='bbox 999 2334 1049 2365; x_wconf 83' lang='lat' dir='ltr'>De</span> <span class='ocrx_word' id='word_1_320' title='bbox 1069 2334 1240 2366; x_wconf 79' lang='lat' dir='ltr'>verborum</span> <span class='ocrx_word' id='word_1_321' title='bbox 1261 2334 1379 2376; x_wconf 76' lang='lat' dir='ltr'>ellipSis</span> <span class='ocrx_word' id='word_1_322' title='bbox 1400 2333 1483 2365; x_wconf 81' lang='lat' dir='ltr'>usu’</span> <span class='ocrx_word' id='word_1_323' title='bbox 1502 2340 1535 2375; x_wconf 87' lang='lat' dir='ltr'>p.</span> <span class='ocrx_word' id='word_1_324' title='bbox 1555 2345 1597 2374; x_wconf 86' lang='lat'>92</span> 
     </span>
     <span class='ocr_line' id='line_1_36' title="bbox 270 2379 588 2419; baseline 0.003 -10"><span class='ocrx_word' id='word_1_325' title='bbox 270 2389 311 2418; x_wconf 81' lang='lat'>23</span> <span class='ocrx_word' id='word_1_326' title='bbox 335 2379 389 2418; x_wconf 84' lang='lat' dir='ltr'>qui</span> <span class='ocrx_word' id='word_1_327' title='bbox 407 2379 482 2410; x_wconf 78' lang='lat' dir='ltr'>add.</span> <span class='ocrx_word' id='word_1_328' title='bbox 503 2379 588 2419; x_wconf 72' lang='lat' dir='ltr'>vulg.</span> 
     </span>
    </p>
   </div>
  </div>
 </body>
</html>
