1827 2798
227 139 274 175 X.
293 137 370 174 viii
697 136 753 173 M.
785 135 953 172 TVLLI
984 133 1291 173 CICERONIS

327 263 418 288 cum
450 247 650 287 coniuncti
686 260 735 285 ne
769 259 860 284 cum
899 245 1072 296 praemio
1107 244 1268 296 quidem
1299 245 1495 285 voluimus
1533 248 1655 285 esse?

282 322 309 360 4
330 314 486 352 Deinde
506 314 582 350 hoc
602 312 701 358 vide,
726 324 805 348 non
831 323 916 348 esse
942 310 1131 348 iudicium
1159 311 1209 349 de
1233 318 1315 349 tota
1341 310 1595 349 contentione
1615 310 1654 348 in

328 377 542 428 Hispaniis,
567 376 639 414 nisi
661 378 758 414 forte
779 375 824 413 iis
844 375 996 413 amissis
1022 389 1130 413 arma
1151 375 1384 426 Pompeium
1411 375 1654 414 abiecturum

325 451 449 493 putas,
468 441 578 480 cuius
600 455 718 480 omne
739 440 946 479 consilium
963 440 1301 479 Themistocleum
1322 448 1390 479 est.
1450 440 1656 479 Existimat

325 507 431 546 enim
453 507 518 557 qui
541 520 645 544 mare
666 514 797 544 teneat
818 519 908 544 eum
930 519 1090 544 necesse
1105 519 1178 543 esse
1197 519 1325 544 rerum
1345 505 1471 556 potiri.
1517 507 1657 555 Itaque
1680 518 1693 526 ”

324 586 543 623 numquam
577 572 618 610 id
648 571 725 621 egit
757 579 798 609 ut
829 570 1047 621 Hispaniae
1077 584 1145 621 per
1173 584 1214 609 se
1244 578 1478 618 tenerentur,
1510 571 1657 609 navalis

324 646 533 689 apparatus
578 637 613 676 ei
658 650 813 687 semper
855 636 1128 686 antiquissima
1166 650 1257 674 cura
1295 636 1377 674 fuit.
1447 636 1657 686 Navigabit

326 703 450 753 igitur,
485 716 575 741 cum
608 702 679 741 erit
713 710 879 752 tempus,
914 701 1092 740 maximis
1126 701 1318 739 classibus
1348 708 1386 740 et
1419 702 1470 739 ad
1503 700 1657 739 Italiam

325 770 499 807 accedet.
560 769 607 805 In
636 781 713 817 qua
742 781 814 806 nos
842 768 1024 806 sedentes
1045 766 1141 816 quid
1170 767 1347 805 erimus?
1384 780 1475 804 nam
1506 766 1658 804 medios

326 847 411 872 esse
432 833 508 872 iam
530 847 611 872 non
632 833 775 871 licebit.
820 832 1021 872 Classibus
1037 831 1331 870 adversabimur
1352 831 1494 881 igitur?
1537 832 1658 879 Quod

327 899 452 937 maius
478 901 603 937 scelus
628 906 694 936 aut
722 906 874 936 tantum
895 897 1099 947 denique?
1142 897 1238 947 quid
1259 896 1441 947 turpius?
1480 896 1659 935 †anuival

328 964 470 1003 dehic†
488 963 527 1001 in
543 963 716 1001 absentis
739 964 844 1001 solus
866 962 935 1000 tuli
956 964 1093 1009 scelus,
1111 961 1288 1000 eiusdem
1304 974 1395 999 cum
1411 960 1602 1011 Pompeio
1623 970 1660 999 et

286 1037 312 1075 5
330 1043 420 1068 cum
449 1028 605 1078 reliquis
632 1028 874 1078 principibus
905 1041 985 1066 non
1015 1029 1168 1066 feram?
1225 1028 1346 1076 Quod
1375 1026 1406 1064 si
1433 1026 1510 1064 iam
1541 1026 1660 1064 misso

330 1094 459 1133 officio
489 1093 649 1144 periculi
679 1093 775 1131 ratio
805 1094 990 1131 habenda
1018 1100 1086 1140 est,
1112 1093 1163 1130 ab
1193 1092 1266 1130 illis
1295 1100 1353 1130 est
1382 1092 1598 1142 periculum
1630 1093 1660 1130 si

328 1173 504 1210 peccaro,
528 1160 577 1197 ab
599 1160 675 1197 hoc
700 1158 730 1196 si
754 1166 858 1196 recte
878 1159 1018 1204 fecero,
1041 1171 1115 1195 nec
1142 1159 1264 1194 ullum
1292 1156 1331 1194 in
1359 1156 1418 1194 his
1440 1157 1550 1194 malis
1571 1171 1661 1195 con-

329 1224 458 1262 silium
486 1223 659 1274 periculo
679 1236 846 1261 vacuum
877 1222 1041 1261 inveniri
1071 1229 1211 1272 potest,
1234 1229 1277 1259 ut
1306 1235 1386 1260 non
1416 1221 1464 1260 sit
1494 1222 1660 1260 dubium

329 1289 424 1339 quin
446 1289 607 1338 turpiter
627 1289 752 1326 facere
773 1301 863 1326 cum
885 1287 1058 1337 periculo
1083 1287 1287 1337 fugiamus,
1311 1288 1419 1336 quod
1440 1288 1662 1337 fugeremus

329 1353 447 1392 etiam
468 1367 559 1391 cum
580 1355 714 1391 salute.
778 1354 891 1392 †Non
922 1352 1037 1390 simul
1065 1365 1155 1390 cum
1178 1351 1370 1401 Pompeio
1398 1365 1503 1390 mare
1530 1353 1662 1391 transi-

328 1418 482 1457 erimus.
527 1417 702 1457 Omnino
724 1417 1051 1467 nonpotuimust.
1104 1418 1240 1454 Exstat
1260 1416 1357 1454 ratio
1378 1416 1541 1456 dierum.
1583 1419 1661 1456 Sed

329 1492 461 1522 tamen
494 1484 701 1534 (fateamur
730 1482 836 1520 enim
866 1483 974 1532 quod
1004 1482 1078 1533 est)
1109 1495 1158 1520 ne
1188 1482 1397 1520 condimus
1428 1483 1589 1532 quidem
1620 1492 1661 1522 ut
1683 1500 1696 1520 2

330 1548 536 1599 possimus.
598 1547 750 1586 Fefellit
769 1561 815 1585 ea
839 1561 901 1585 me
926 1560 985 1585 res
1009 1560 1110 1597 quae
1137 1548 1298 1585 fortasse
1320 1561 1399 1585 non
1421 1548 1569 1596 debuit,
1592 1549 1661 1587 sed

330 1613 475 1652 fefellit.
536 1615 679 1651 Pacem
713 1612 846 1663 putavi
881 1614 972 1650 fore.
1034 1614 1147 1662 Quae
1179 1613 1209 1651 si
1245 1621 1357 1662 esset,
1394 1614 1534 1652 iratum
1567 1613 1663 1652 mihi

332 1681 542 1719 Caesarem
581 1692 677 1724 esse,
715 1692 806 1716 cum
837 1680 943 1717 idem
982 1677 1132 1716 amicus
1171 1687 1273 1717 esset
1305 1679 1506 1730 Pompeio,
1542 1679 1661 1718 nolui.

333 1746 537 1783 Senseram
571 1743 676 1782 enim
707 1755 825 1792 quam
861 1742 966 1780 idem
1000 1752 1140 1782 essent.
1202 1747 1295 1783 Hoc
1324 1759 1461 1783 verens
1491 1744 1530 1782 in
1560 1745 1662 1783 hanc

378 1858 393 1878 1
420 1847 589 1878 coniuncti
608 1858 650 1878 ne
667 1847 875 1889 Hervagius:
901 1851 1140 1882 coniunctione
1158 1851 1246 1882 codd.
1361 1851 1527 1883 voluimus
1545 1851 1637 1883 Man.
1655 1864 1662 1882 z

331 1892 484 1923 volumus
502 1891 543 1920 M
673 1901 691 1929 5
717 1903 791 1922 esse
809 1893 884 1924 add.
901 1894 1021 1926 Lamb.
1159 1906 1175 1935 7
1202 1906 1280 1926 cura
1303 1895 1462 1926 RPM2s:
1488 1907 1552 1927 om.
1577 1897 1660 1927 ΟΜΙ

331 1947 353 1976 9
377 1936 505 1965 medios
522 1936 558 1973 ‘f
578 1935 664 1965 Reid
676 1935 724 1965 ad
737 1935 830 1967 Ball).
850 1948 891 1976 29
1039 1949 1078 1969 10
1103 1939 1276 1969 classibus
1292 1940 1360 1971 secl.
1382 1940 1476 1970 Man.
1624 1950 1658 1971 11

332 1980 439 2009 maius
456 1989 473 2008 s
488 1978 679 2019 Malaspz'na
694 1990 701 2009 :
726 1981 831 2011 malus
851 1982 987 2012 MZOR
1086 1983 1197 2013 scelus
1215 1988 1272 2013 aut
1290 1983 1479 2023 Malaspina
1494 1995 1500 2014 ε
1535 1984 1662 2015 scilicet

332 2022 419 2053 codd.
566 2032 614 2062 ΙΙ,
636 2033 672 2053 12
697 2024 832 2054 anuival
851 2026 949 2056 dehic
968 2027 1000 2056 in
1018 2025 1068 2055 M'
1087 2038 1092 2056 :
1119 2037 1161 2056 an
1179 2027 1236 2066 qui
1253 2027 1353 2057 valde
1371 2027 1448 2057 hinc
1465 2026 1580 2057 (odires
1597 2039 1661 2058 non

333 2067 417 2095 nulls
432 2066 658 2106 Malaspinae:
685 2078 729 2097 an
752 2069 898 2099 invalide
924 2070 976 2100 hic
1000 2070 1030 2099 in
1052 2070 1137 2099 OM²
1156 2071 1293 2110 (marg.)
1310 2081 1315 2100 :
1346 2071 1469 2101 animal
1487 2071 1609 2101 dehinc
1629 2072 1660 2102 in

332 2111 448 2149 (dehic
465 2110 511 2143 R>
531 2111 617 2141 RF:
651 2123 693 2142 an
723 2113 817 2142 cuius
838 2114 947 2143 adhuc
972 2114 1005 2143 in
1030 2113 1188 2152 Madvig:
1221 2125 1263 2144 an
1290 2115 1371 2144 iram
1398 2115 1497 2144 huius
1521 2114 1551 2144 in
1576 2114 1661 2153 Hof-

332 2165 453 2184 mmm:
479 2155 537 2183 alsi
550 2155 616 2184 alia
710 2167 745 2195 17
764 2157 910 2195 turpiter
923 2157 1033 2187 facere
1051 2168 1116 2187 ont.
1134 2157 1223 2187 Rom
1244 2170 1249 2187 :
1278 2158 1389 2188 facere
1403 2169 1466 2189 om.
1481 2158 1595 2188 codices
1606 2159 1666 2189 Pii

335 2198 372 2227 18
396 2198 511 2238 simul]
533 2200 558 2229 si
580 2199 678 2230 simul
702 2200 824 2239 Tyrrell
950 2201 1142 2231 transiirnus
1166 2201 1362 2241 Nipperdey:
1397 2201 1661 2233 transieramus?

337 2240 456 2280 Tyrrcll
580 2255 617 2282 ¹9
643 2254 707 2273 non
734 2243 809 2274 add.
832 2243 925 2275 Man.
948 2248 1022 2274 ante
1046 2245 1236 2284 potuimus:
1271 2244 1347 2274 add.
1378 2245 1409 2275 P
1428 2248 1502 2274 ante
1524 2247 1660 2276 omnino

331 2295 374 2315 20
398 2288 574 2317 condimus
594 2286 744 2317 CORMs
761 2286 817 2326 (ab
836 2287 1036 2327 ‘condire'):
1072 2288 1309 2318 contendimus
1329 2287 1507 2328 Nipperdey
1619 2299 1657 2319 21

332 2339 509 2367 possemus
526 2330 706 2371 Nipperdey
809 2341 848 2360 ea
872 2341 925 2361 me
949 2331 1092 2362 Rosius:
1126 2342 1200 2362 eam
1226 2326 1398 2363 ZbO¹M¹:
1433 2342 1474 2362 ea
1501 2330 1660 2362 RPM2s:

331 2374 420 2403 enim
441 2374 484 2404 0²
