1827 2798
93 870 130 890 10

97 1194 130 1223 ¹3

96 1516 136 1537 20

557 163 670 200 EPP.
702 162 778 199 AD
809 161 1069 199 ATTICVM
1366 160 1477 198 XIV.
1497 159 1632 197 xviia,

148 274 352 321 venissem,
383 287 623 323 quamquam
649 282 729 312 erat
755 287 963 323 oppressus
990 272 1108 311 totius
1135 271 1307 322 corporis
1336 271 1478 311 dolori-

150 341 232 387 bus,
256 348 387 378 tamen
416 347 507 377 ante
537 353 655 389 quam
686 353 748 378 me
778 341 893 389 plane
923 338 1112 385 salutavit,
1139 339 1195 377 ‘O
1227 338 1280 376 mi
1310 337 1475 377 Cicero'

148 404 274 454 inquit
311 405 501 453 ‘gratulor
535 404 605 442 tibi
639 418 727 441 curn
764 412 915 441 tantum
951 405 1054 441 vales
1088 404 1194 453 apud
1228 403 1476 440 Dolabellam

148 476 339 518 quantum
367 467 398 505 si
426 482 498 517 ego
524 470 629 518 apud
662 468 802 506 sororis
828 468 949 505 filium
970 470 1149 514 valerem,
1172 468 1249 505 iam
1277 468 1369 505 salvi
1391 481 1477 506 esse

148 546 363 582 possemus.
435 534 665 571 Dolabellae
686 547 777 571 vero
804 541 872 571 tuo
899 541 936 571 et
966 534 1136 582 gratulor
1162 540 1200 570 et
1226 532 1365 582 gratias
1388 546 1473 582 ago,

148 610 265 646 quem
287 597 447 646 quidem
475 604 564 646 post
591 605 628 634 te
656 599 858 635 consulem
887 599 1013 635 solum
1042 609 1249 646 possumus
1271 609 1358 634 vere
1384 609 1477 634 con-

148 662 272 698 sulem
293 661 447 698 dicere.’
506 661 662 698 Deinde
693 663 814 698 multa
841 662 890 699 de
915 662 1017 698 facto
1043 674 1089 698 ac
1117 661 1166 699 de
1194 674 1232 698 re
1259 668 1366 710 gesta
1386 667 1477 707 tua,

148 725 245 763 nihil
269 725 592 774 magnificentius,
616 725 712 762 nihil
740 725 972 775 praeclarius
999 733 1130 763 actum
1158 738 1356 774 umquam,
1381 723 1477 761 nihil

149 790 202 828 rei
231 790 412 840 publicae
443 791 657 828 salutarius,
717 793 847 840 Atque
877 792 974 829 haec
1005 803 1082 828 una
1103 803 1176 828 vox
1204 789 1381 828 omnium
1406 797 1474 827 est.

150 858 185 893 A
219 863 257 893 te
291 863 422 893 autem
457 864 549 905 peto
583 863 625 893 ut
664 869 726 893 me
764 857 865 893 hanc
900 855 1010 905 quasi
1044 857 1180 893 falsam
1219 854 1475 892 hereditatem
1501 860 1527 897 4

148 920 298 958 alienae
318 920 462 970 gloriae
483 920 586 958 sinas
608 934 764 958 cernere
786 933 928 969 meque
954 920 1085 969 aliqua
1105 934 1151 957 ex
1172 927 1279 968 parte
1299 918 1338 955 in
1360 918 1480 956 socie-

149 993 269 1022 tatem
314 993 469 1022 tuarum
514 986 676 1023 laudum
714 984 845 1022 venire
890 984 1045 1033 patiare.
1119 984 1384 1032 Quamquam,
1425 982 1479 1020 mi

154 1050 359 1087 Dolabella
380 1050 494 1099 (haec
524 1049 629 1087 enim
659 1048 808 1086 iocatus
839 1048 954 1098 sum),
984 1047 1168 1085 libentius
1198 1047 1327 1084 onmis
1357 1060 1474 1093 meas,

151 1113 180 1150 si
203 1115 324 1152 modo
345 1121 434 1151 sunt
454 1113 608 1162 aliquae
629 1125 739 1150 meae
759 1113 905 1157 laudes,
929 1113 979 1149 ad
1006 1119 1043 1149 te
1064 1110 1338 1148 transfuderim
1359 1124 1478 1159 quarn

118 1194 128 1199 ·
149 1178 321 1228 aliquam
345 1186 496 1228 partem
526 1177 770 1215 exhauserim
799 1190 845 1214 ex
872 1176 957 1214 tuis.
1018 1177 1122 1213 Nam
1149 1189 1240 1213 cum
1265 1183 1303 1213 te
1327 1188 1481 1224 semper

151 1251 303 1281 tantum
333 1242 534 1281 dilexerim
563 1250 755 1292 quantum
785 1249 827 1278 tu
856 1240 1079 1290 intellegere
1108 1240 1280 1290 potuisti,
1307 1248 1391 1278 tum
1420 1239 1481 1277 his

151 1307 226 1345 tuis
260 1307 370 1345 factis
405 1307 460 1345 sic
494 1307 677 1345 incensus
716 1320 802 1343 sum
842 1313 883 1343 ut
922 1305 1019 1343 nihil
1050 1319 1239 1355 umquam
1274 1305 1313 1342 in
1346 1318 1480 1342 amore

151 1372 265 1410 fuerit
283 1372 494 1411 ardentius.
554 1371 664 1410 Nihil
684 1379 742 1409 est
768 1370 885 1417 enim,
909 1370 1004 1407 mihi
1031 1371 1158 1416 crede,
1180 1370 1320 1408 virtute
1341 1371 1481 1408 formo-

152 1437 242 1484 sius,
278 1437 375 1475 nihil
408 1437 619 1487 pulchrius,
656 1436 753 1474 nihil
786 1435 1003 1473 amabilius.
1075 1437 1236 1484 Semper
1267 1435 1406 1482 amavi,
1439 1443 1482 1474 ut
1503 1444 1526 1482 5

153 1502 238 1549 scis,
274 1504 329 1540 M.
362 1505 527 1540 Brutum
559 1509 716 1551 propter
749 1501 831 1539 eius
863 1513 1062 1537 summum
1096 1499 1308 1549 ingenium,
1341 1499 1484 1538 suavis-

153 1568 273 1606 simos
318 1582 456 1614 mores,
489 1567 723 1617 singularem
763 1565 998 1616 probitatem
1036 1573 1154 1615 atque
1194 1565 1454 1603 constantiam
1473 1579 1483 1613 3

154 1641 285 1671 tamen
326 1633 464 1671 Idibus
514 1632 664 1670 Martiis
713 1640 866 1670 tantum
914 1630 1077 1669 accessit
1121 1632 1172 1669 ad
1213 1644 1387 1668 amorem
1440 1637 1483 1669 ut

155 1697 311 1735 mirarer
330 1699 459 1735 locum
489 1697 606 1735 fuisse
632 1696 802 1746 augendi
832 1696 871 1733 in
899 1709 946 1733 eo
973 1696 1081 1745 quod
1111 1695 1205 1732 mihi
1233 1695 1310 1732 iam
1331 1695 1483 1745 pridem

155 1764 397 1800 cumulatum
419 1762 536 1800 etiam
557 1762 772 1800 videbatur.
833 1759 932 1810 Quis
960 1768 1040 1798 erat
1061 1760 1128 1809 qui
1149 1767 1301 1810 putaret
1321 1761 1371 1797 ad
1393 1773 1483 1797 eum

155 1840 330 1865 amorem
363 1840 482 1876 quern
514 1841 603 1877 erga
636 1835 673 1864 te
705 1826 901 1864 habebam
935 1838 1051 1875 posse
1085 1824 1233 1874 aliquid
1269 1825 1487 1863 accedere?

155 1892 330 1928 Tantum
353 1891 517 1929 accessit
541 1899 582 1929 ut
610 1891 705 1928 mihi
734 1904 838 1928 nunc
861 1889 1032 1939 denique
1053 1903 1184 1927 amare
1205 1889 1347 1936 videar,
1370 1896 1486 1927 antea

156 1955 346 1993 dilexisse.
406 1957 496 2003 Qua
522 1970 562 1994 re
583 1955 677 2005 quid
702 1963 759 1993 est
780 1956 888 2005 quod
915 1968 988 2003 ego
1019 1961 1056 1991 te
1084 1954 1215 1991 horter
1242 1961 1284 1990 ut
1308 1952 1486 2002 dignitati
1507 1956 1535 1992 6

157 2028 195 2057 et
215 2020 358 2069 gloriae
378 2020 552 2058 servias?
608 2023 831 2070 Proponam
859 2020 929 2058 tibi
951 2021 1074 2057 claros
1096 2018 1209 2064 viros,
1232 2019 1340 2067 quod
1362 2019 1486 2055 facere

158 2085 286 2121 solent
306 2083 373 2133 qui
393 2085 627 2122 hortantur?
684 2084 895 2123 Neminem
926 2084 1053 2121 habeo
1082 2082 1283 2120 clariorem
1306 2095 1423 2130 quam
1449 2088 1486 2119 te

100 2164 116 2194 ς,
159 2148 299 2198 ipsum.
357 2149 416 2185 Te
450 2148 599 2186 imitere
629 2156 793 2198 oportet,
825 2155 955 2186 tecum
987 2147 1071 2196 ipse
1105 2154 1239 2184 certes.
1301 2147 1363 2183 Ne
1397 2145 1486 2184 licet
1507 2151 1529 2189 7

202 2251 222 2280 6
246 2250 475 2289 possumusf:
509 2260 645 2289 possum
663 2249 749 2280 codd.
959 2258 975 2287 7
1004 2247 1215 2286 DeindesE:
1243 2247 1322 2277 dein
1348 2246 1488 2277 MO2Rs

159 2300 214 2324 tua
237 2292 443 2332 lVescnbcrg:
470 2298 539 2323 tum
557 2293 641 2323 codd.
663 2297 691 2322 ct
705 2294 885 2332 fz'praeltr
899 2292 934 2322 D
950 2292 1097 2330 quicum
1119 2291 1225 2322 lzabetl
1364 2301 1402 2328 13
1419 2291 1487 2320 sim

160 2337 244 2367 Refd
319 2348 356 2375 14
381 2337 670 2374 transfuderims:
698 2341 791 2366 trans
805 2335 855 2364 Μι
876 2347 882 2366 :
908 2334 1138 2365 transtulerim
1159 2332 1352 2364 EORSM2:
1379 2338 1487 2364 trans-

161 2382 263 2411 feram
282 2373 320 2408 Zl
449 2390 489 2418 24
514 2380 632 2419 etiam]
653 2390 728 2409 esse
742 2380 851 2409 Aldus
975 2388 1017 2417 30
1041 2377 1089 2408 Te
1107 2389 1171 2409 om.
1191 2376 1264 2407 MR
1353 2377 1488 2407 imitere

149 2424 179 2463 f
190 2426 329 2466 (praeter
341 2421 429 2465 HD)
450 2423 479 2452 O
494 2435 501 2454 ι
526 2423 647 2453 imitari
664 2422 783 2453 MERs
799 2427 827 2452 ct
843 2422 916 2452 HD

203 2488 266 2508 εις.
286 2487 332 2507 AD
348 2486 421 2508 ΛΠ.
1360 2475 1401 2504 33
