1827 2798
556 169 668 206 EPP.
699 169 777 205 AD
807 168 1068 207 ATTICVM
1312 168 1433 205 XIII.
1450 167 1623 203 xxxviii

147 280 220 317 bus
260 291 356 329 quas
389 278 440 316 ab
469 291 517 316 co
546 280 596 317 de
626 280 741 317 nobis
771 279 905 318 haberi
939 279 1121 329 permulti
1157 278 1252 316 mihi
1282 279 1475 317 renuntia-

147 352 284 382 verunt
311 351 555 382 commotum
577 343 694 381 istum
716 344 929 393 aliquando
950 343 1149 394 scripsisse
1173 343 1320 393 aliquid
1341 345 1389 382 ad
1413 358 1475 382 me

147 410 266 447 credo
287 409 394 447 etad
415 417 463 455 te,
487 408 607 457 idque
637 416 679 445 ut
709 408 829 445 sciam
852 408 980 446 facies.
1042 411 1144 447 Nam
1172 410 1223 447 ad
1251 417 1398 458 patrem
1425 410 1475 447 de

148 487 211 511 me
232 473 327 522 quid
348 472 542 522 scripserit
563 472 707 518 nescio,
731 474 780 510 de
802 480 923 510 matre
945 487 1063 522 quam
1085 473 1149 522 pie
1167 476 1172 510 l
1215 476 1223 492 ‘
1237 475 1475 520 Volueram,'

109 538 274 587 5inquit
311 542 374 576 ‘ut
413 551 531 587 quam
571 537 783 587 plurimum
822 545 953 575 tecum
993 552 1131 584 essem,
1169 538 1339 576 conduci
1380 538 1475 576 mihi

148 604 311 641 domum
347 610 384 640 et
418 602 457 640 id
491 603 541 639 ad
581 610 619 639 te
658 601 898 650 scripseram.
959 602 1185 651 Neglexisti.
1247 604 1307 640 Ita
1346 602 1475 641 minus

148 669 314 704 multum
345 680 422 704 una
451 666 605 705 erimus.
666 668 769 704 Nam
800 681 872 716 ego
902 667 1015 705 istam
1043 668 1207 705 domum
1235 667 1367 705 videre
1394 681 1474 706 non

147 745 332 782 possum,
363 744 439 781 qua
469 732 518 769 de
549 744 666 768 causa
700 731 798 769 scis.⁷
857 733 975 769 Hanc
1009 740 1140 770 autem
1176 745 1334 770 causam
1366 739 1475 782 pater

148 796 283 835 odium
306 795 437 833 matris
459 810 543 834 esse
564 796 731 834 dicebat.
792 798 910 834 Nunc
931 810 994 835 me
1023 796 1121 843 iuva,
1146 797 1199 834 mi
1220 797 1361 843 Attice,
1385 810 1474 835 con-
1494 809 1518 835 2

91 877 130 899 10
149 861 245 908 silio,
271 863 447 911 ιπότερον
477 862 560 912 δίκᾳ
590 865 710 913 τεῖχος
738 863 869 909 ὕψιον]
890 862 930 900 id
951 870 1009 900 est
1037 870 1166 900 utrum
1193 870 1326 912 aperte
1353 862 1476 900 homi-

148 941 239 965 nem
269 941 452 977 asperner
483 936 521 966 et
551 942 742 978 respuam,
778 927 822 977 ίἢ
853 930 1022 968 σκολιαῖς
1053 930 1232 968 ἀπάταις]
1288 929 1341 965 Vt
1371 927 1475 965 enim

150 992 320 1030 PindarO
348 992 402 1030 SiC
434 994 538 1044 ίδίχα
561 1011 625 1043 μοι
650 994 731 1033 ι’όος
760 994 946 1042 ἀτρέκειαν
971 994 1106 1031 ein-dv)
1164 992 1340 1031 Omnan
1365 992 1477 1030 mori—

149 1057 221 1095 bus
262 1057 357 1095 meis
392 1057 489 1096 illud
523 1058 650 1108 aptius
690 1059 759 1096 sed
793 1059 870 1096 hoc
904 1059 1066 1095 fortasse
1100 1056 1354 1106 temporibus.
1413 1059 1476 1095 Tu

148 1131 279 1160 autern
301 1125 408 1173 quod
430 1123 513 1173 ipse
534 1123 604 1161 tibi
631 1123 796 1161 suaseris
817 1122 922 1161 idem
951 1122 1047 1160 mihi
1067 1135 1295 1172 persuasum
1326 1130 1473 1172 putato.

94 1197 129 1229 15
150 1188 346 1237 Equidem
379 1202 513 1227 vereor
545 1188 712 1225 maxime
746 1201 795 1225 ne
828 1187 867 1224 in
901 1189 1129 1225 Tusculano
1163 1186 1369 1236 opprimar.
1430 1189 1477 1224 In

149 1253 262 1290 turba
289 1254 386 1291 haec
416 1261 546 1291 essent
576 1252 758 1291 faciliora.
818 1254 959 1290 Vtrum
987 1252 1101 1302 igitur
1130 1253 1326 1290 Asturae?
1370 1251 1478 1299 Quid

148 1318 185 1354 si
215 1318 359 1356 Caesar
393 1318 554 1356 subito?
623 1319 720 1356 Iuva
754 1331 828 1364 me,
866 1330 1025 1367 quaeso,
1061 1316 1237 1355 consilio.
1296 1318 1393 1354 Vtar
1431 1329 1479 1355 eo

150 1382 258 1432 quod
288 1390 328 1420 tu
359 1383 586 1421 decreveris.

192 1585 390 1621 XXXIX
433 1588 502 1621 Scr.
522 1590 555 1620 in
578 1589 763 1620 Tusculano
779 1588 865 1620 Non.
884 1587 972 1620 Sext.
990 1598 1021 1619 a.
1043 1597 1103 1629 709
1122 1587 1202 1630 (45).

93 1691 132 1713 ²0
556 1682 728 1715 CICERO
758 1682 940 1713 ATTICO
969 1681 1077 1715 SAL.

204 1773 241 1812 O
272 1772 541 1812 incredibilem
562 1771 799 1810 vanitatem!
829 1772 879 1809 ad
907 1778 1058 1821 patrem
1079 1772 1089 1789 ‘
1104 1770 1226 1808 domo
1251 1769 1325 1808 sibi
1350 1783 1480 1809 caren-
1500 1779 1517 1807 1

151 1838 246 1875 dum
285 1846 442 1888 propter
481 1838 669 1883 matrem,'
700 1838 756 1874 ad
782 1841 941 1873 matrem
975 1836 1133 1885 plenam
1172 1834 1337 1884 pietatis.
1399 1834 1480 1873 Hic

151 1910 282 1941 autem
316 1903 392 1941 iarn
427 1901 642 1953 languescit
673 1910 711 1940 et
741 1901 794 1939 ait
829 1899 903 1939 sibi
934 1899 1043 1937 illum
1075 1899 1157 1937 iure
1189 1898 1340 1937 iratum.
1401 1900 1478 1938 Sed
1497 1910 1522 1936 2

152 1974 237 2005 utar
252 1975 320 2005 tuo
336 1967 501 2006 consilio
519 1982 526 2012 ;
548 1970 556 1987 ‘
571 1970 707 2006 σκολιὰ
721 1968 728 1983 ’
744 1966 849 2005 enim
866 1965 938 2004 tibi
953 1964 1070 2003 video
1085 1965 1250 2014 placere.
1293 1965 1476 2011 Romam,

96 2040 132 2072 25
152 2038 194 2068 ut
228 2044 378 2078 censes,
406 2031 561 2069 veniam
595 2032 665 2070 sed
698 2030 866 2077 invitus;
909 2030 1023 2068 valde
1057 2028 1163 2067 enim
1198 2027 1238 2065 in
1270 2027 1480 2066 scribendo

152 2095 305 2133 haereo.
364 2097 575 2133 ‘Brutum'
596 2095 725 2145 inquis
753 2095 938 2133 ‘eadem.'
996 2093 1175 2140 Scilicet3
1206 2093 1275 2130 sed
1302 2092 1376 2129 nisi
1404 2093 1479 2130 hoc

152 2167 263 2207 esset,
287 2173 346 2198 res
374 2173 436 2198 me
457 2159 529 2198 ista
555 2174 637 2198 non
663 2167 829 2209 cogeret.
889 2160 975 2197 Nec
996 2158 1100 2196 enim
1127 2157 1219 2196 inde
1240 2156 1346 2195 venit
1373 2158 1480 2195 unde

152 2225 308 2261 mallem
329 2237 458 2273 neque
484 2223 552 2262 diu
575 2223 671 2262 afuit
698 2223 827 2273 rieque
854 2223 973 2260 ullam
997 2221 1164 2260 litteram
1189 2222 1239 2259 ad
1267 2234 1340 2259 me.
1401 2222 1479 2259 Sed

151 2295 284 2326 tamen
322 2288 419 2326 scire
456 2301 554 2326 aveo
592 2287 718 2338 qualis
756 2287 791 2326 ei
823 2286 942 2325 totius
980 2286 1127 2324 itineris
1159 2299 1314 2324 summa
1351 2285 1475 2324 fuerit.

198 2402 234 2431 14
258 2397 377 2433 putato
395 2392 442 2424 C:
467 2399 547 2432 puto
564 2391 602 2422 M
692 2393 732 2422 16
754 2391 913 2422 Asturam
935 2388 1122 2429 Wesenberg
1212 2399 1248 2428 17
1275 2390 1301 2420 si
1319 2383 1386 2421 sz
1410 2399 1475 2421 om.

151 2433 191 2464 M
319 2446 361 2466 22
386 2436 427 2466 ad
446 2441 583 2466 matrem
601 2434 676 2466 add.
700 2435 803 2466 Orelli
930 2444 972 2473 23
996 2433 1060 2464 sibi
1081 2432 1157 2465 Vict.
1176 2444 1183 2464 :
1208 2433 1266 2464 tibi
1284 2433 1323 2462 M
