1827 2798
211 136 330 174 1X’.v
662 136 718 172 M.
750 134 918 172 TVLLI
950 134 1255 173 CICERONIS

398 258 537 296 Αὐτίκα
561 258 634 309 γάρ
661 274 719 295 τοι
749 257 874 294 ἔπειτα
903 254 984 305 μεθ’
1009 255 1171 306 ‘'Em-opo.
1195 256 1335 306 πότμος
1363 256 1515 308 ἕτοιμος,

292 339 404 378 matri
426 339 509 389 ipse
531 338 746 388 respondit,

455 420 595 458 Αὐτίκα
622 420 804 469 τεθναίην,
835 420 913 458 ἐπεὶ
940 422 1005 458 οὒκ
1034 417 1090 471 ἄρ’
1119 420 1278 471 ἔμελλον
1306 421 1434 474 ἑταίρῳ

453 485 668 537 κτεινομένῳ
697 487 945 534 ἐπαμῦναι,-

291 565 401 615 Quid
439 566 469 604 si
511 580 591 605 non
631 566 758 618 ἑταίρῳ
797 567 925 604 solum
957 566 1026 604 sed
1057 565 1175 604 etiam
1209 567 1389 618 εὐεργέτῃ,
1422 566 1525 604 adde
1554 564 1620 603 tali
1641 578 1658 610 5

290 630 373 669 viro
394 633 510 669 talem
542 644 700 669 causam
722 630 851 680 agenti
865 633 1011 680 ?-—ego
1031 644 1123 668 vero
1143 632 1241 669 haec
1262 631 1389 669 officia
1409 631 1621 669 mercanda

289 695 369 734 vita
395 704 501 745 puto.
562 695 832 746 Optimatibus
861 709 953 734 vero
982 695 1058 733 tuis
1088 695 1185 733 nihil
1214 697 1384 742 confido,
1416 695 1513 732 nihil
1543 695 1620 733 iam

244 771 272 810 4
291 774 341 798 ne
361 760 529 799 inservio
550 761 722 810 quidem.
782 760 913 799 Video
940 767 982 798 ut
1009 774 1049 798 se
1079 760 1171 798 huic
1192 761 1297 807 dent,
1321 768 1363 798 ut
1383 759 1510 798 daturi
1531 759 1617 798 sint.

291 825 517 875 Quicquam
540 833 581 863 tu
602 825 668 863 illa
694 833 807 876 putas
828 825 946 864 fuisse
967 827 1017 864 de
1037 825 1261 863 valetudine
1282 827 1439 864 decreta
1460 824 1621 863 munici-

290 890 444 941 piorum
484 904 576 941 prae
615 890 674 929 his
713 892 763 929 de
797 890 958 929 victoria
990 890 1345 940 gratulationibus?
1416 889 1680 928 ‘Timent'lo

289 955 454 1005 inquies.
514 958 567 993 At
601 956 674 1006 ipsi
706 963 789 993 tum
822 969 863 994 se
895 955 1070 994 timuisse
1103 955 1251 994 dicunt.
1312 956 1390 994 Sed
1416 954 1620 993 videamus

289 1020 386 1070 quid
406 1028 539 1059 actum
561 1020 610 1059 sit
625 1020 819 1060 Brundisi.
880 1021 939 1058 Ex
955 1033 1003 1058 eo
1020 1022 1181 1059 fortasse
1198 1021 1261 1059 νέα
1277 1019 1440 1059 consilia
1460 1032 1621 1058 nascen-

289 1091 351 1123 tur
369 1085 548 1136 aliaeque
569 1085 728 1125 litterae.

334 1251 402 1287 VI
566 1253 635 1286 Scr.
657 1253 690 1285 in
708 1254 887 1285 Formiano
904 1265 924 1285 v
939 1252 992 1286 Ja'.
1013 1253 1112 1285 Mart.
1135 1265 1165 1285 α.
1186 1263 1243 1293 705
1259 1252 1345 1295 (49).

699 1336 870 1367 CICERO
894 1336 1075 1367 ATTICO
1097 1335 1206 1368 SAL.
1643 1347 1679 1380 15

254 1430 272 1458 1
346 1417 431 1454 Nos
451 1416 582 1454 adhuc
597 1414 809 1453 Brundisio
829 1414 937 1452 nihil.
998 1416 1128 1453 Roma
1148 1413 1298 1464 scripsit
1317 1414 1463 1452 Balbus
1484 1420 1620 1463 putare

291 1480 368 1519 iarn
392 1482 604 1518 Lentulum
626 1481 831 1518 consulem
845 1478 1056 1517 tramisisse
1076 1493 1150 1517 nec
1171 1493 1260 1517 eum
1281 1493 1304 1517 a
1325 1479 1475 1516 minore
1493 1478 1619 1516 Balbo

291 1554 543 1592 conventum,
567 1546 675 1595 quod
706 1544 736 1582 is
766 1546 842 1583 hoc
871 1544 948 1582 iarn
974 1544 1122 1583 Canusi
1148 1544 1346 1591 audisset3
1377 1543 1468 1582 inde
1497 1544 1547 1581 ad
1578 1557 1619 1581 se

291 1624 381 1649 eum
412 1609 636 1659 scripsisse3
679 1611 940 1659 cohortesque
971 1622 1037 1647 sex
1076 1623 1176 1659 quae
1211 1609 1337 1647 Albae
1372 1608 1535 1646 fuissent
1568 1609 1618 1646 ad

291 1675 455 1715 Curium
487 1674 549 1712 via
584 1674 762 1712 Minucia
795 1674 1002 1721 transisse3
1045 1673 1084 1712 id
1120 1675 1328 1713 Caesarem
1363 1675 1413 1711 ad
1452 1687 1493 1711 se
1532 1671 1619 1711 scri·
1640 1685 1679 1707 20

290 1741 414 1791 psisse
435 1747 472 1778 et
493 1739 600 1778 brevi
621 1747 797 1789 ternpore
818 1753 907 1777 eum
929 1741 979 1777 ad
1008 1739 1145 1777 urbem
1166 1740 1350 1776 futurum.
1411 1740 1514 1787 Ergo
1535 1745 1620 1775 utar

291 1814 360 1844 tuo
380 1804 546 1843 consilio
570 1818 700 1854 neque
731 1818 793 1842 me
820 1803 1014 1853 Arpinum
1044 1805 1120 1842 hoc
1150 1811 1327 1853 tempore
1354 1803 1511 1849 abdam,
1535 1802 1617 1850 etsi,

291 1870 474 1910 Ciceroni
496 1883 585 1907 meo
606 1877 736 1919 togam
764 1882 901 1919 puram
923 1882 1044 1918 quom
1071 1870 1163 1907 dare
1183 1868 1322 1918 Arpini
1343 1869 1494 1915 vellem,
1517 1869 1620 1906 hanc

290 1949 395 1974 eram
435 1935 559 1984 ipsam
599 1934 892 1972 excusationem
927 1933 1129 1971 relicturus
1160 1935 1211 1971 ad
1246 1934 1466 1972 Caesarem.
1540 1933 1618 1971 Sed

290 2002 452 2039 fortasse
477 2000 515 2037 in
546 2013 594 2038 eo
623 1999 710 2049 ipso
739 2000 970 2045 offendetur,
993 2012 1061 2037 cur
1081 2012 1161 2036 non
1184 2000 1337 2036 Romae
1358 1997 1498 2047 potius.
1558 1999 1618 2035 Ac
1638 2010 1677 2042 25

291 2074 422 2104 tamen
453 2065 483 2102 si
514 2072 572 2103 est
601 2060 908 2110 conveniendus,
933 2063 995 2101 hic
1026 2063 1285 2113 potissimum.
1345 2064 1449 2100 Tum
1471 2061 1619 2112 reliqua

290 2130 522 2176 videbimus,
547 2129 587 2168 id
608 2137 666 2167 est
687 2137 725 2167 et
746 2143 825 2178 quo
845 2136 883 2167 et
904 2142 982 2178 qua
1002 2136 1039 2166 et
1061 2129 1232 2178 quando.

333 2237 354 2264 6
377 2235 484 2264 officia
503 2234 682 2264 mercanda
702 2233 730 2264 C
745 2233 801 2273 (cf.
825 2232 910 2263 Verr.
932 2243 962 2263 v.
984 2243 1025 2270 23
1042 2232 1108 2262 vita
1129 2231 1284 2271 redimi):
1310 2232 1451 2262 officiam
1471 2231 1535 2270 (ml
1551 2232 1619 2261 affi—

291 2280 375 2309 ciam
394 2279 443 2308 vel
459 2278 615 2313 efficiam)
635 2278 664 2307 ei
685 2278 828 2307 candida
852 2276 940 2306 codd.
957 2288 962 2307 :
990 2276 1208 2315 rependenda
1227 2275 1293 2315 (vel
1314 2275 1501 2314 pensanda)
1521 2274 1617 2304 Mad-

289 2323 346 2361 mg
437 2332 472 2351 12
499 2320 553 2350 νέα
570 2321 709 2359 Tyrrell:
737 2331 776 2350 ea
789 2320 839 2349 Mi
859 2332 866 2350 ι
891 2331 963 2350 mea
975 2319 1029 2348 M²¹
1044 2331 1049 2349 :
1075 2320 1139 2349 alia
1151 2318 1270 2348 ermb.
1287 2330 1294 2349 τ
1319 2329 1394 2348 scra
1408 2317 1492 2347 Reid
1580 2319 1619 2348 16

290 2365 399 2405 putari
428 2364 527 2393 Orrllt'
649 2375 690 2394 20
716 2364 768 2393 via
786 2364 815 2394 Z
836 2362 1047 2403 [Vesenbmgz
1074 2374 1138 2393 om.
1161 2361 1236 2391 AF:
1262 2362 1295 2391 in
1317 2363 1367 2392 via
1386 2360 1442 2390 M2
1575 2371 1616 2400 25

288 2410 337 2440 Ac
358 2413 468 2438 tamen
487 2407 563 2437 mni.
587 2406 794 2447 lllscnbwg:
819 2412 988 2437 scctamen
1008 2406 1058 2435 JW¹
1079 2418 1084 2436 :
1109 2407 1168 2436 sed
1187 2410 1296 2436 tamen
1315 2406 1401 2444 vulg.
