1827 2798
129 538 147 569 5

107 864 146 887 10

101 1583 140 1605 20

579 155 690 193 EPP.
722 156 800 193 AD
830 155 1090 195 ATTICVM
1391 154 1501 192 XIV.
1526 154 1601 191 xiii
1624 167 1648 191 A

171 280 260 305 cum
277 274 384 316 patre
401 266 495 314 eius,
511 279 592 305 non
608 266 891 316 contempsisse
908 267 1009 304 hanc
1026 265 1222 304 familiam.
1276 265 1496 304 Honestius

170 331 274 384 enim
297 340 333 369 et
355 331 538 369 libentius
560 331 796 382 deponimus
818 331 1038 369 inimicitias
1060 331 1112 369 rei
1134 331 1314 381 publicae
1335 330 1497 369 nomine

171 404 370 446 susceptas
410 409 527 446 quam
567 396 850 435 contumaciae.
911 398 979 434 Me
1014 396 1159 435 deinde
1193 396 1276 434 sine
1310 398 1360 434 ad
1395 397 1497 434 hanc

169 461 397 510 opinionem
427 461 503 499 iam
532 475 636 499 nunc
657 460 821 510 dirigere
842 474 1006 510 puerum
1035 469 1072 499 et
1098 469 1232 499 tenero
1259 461 1393 500 animo
1414 460 1497 499 eius

168 527 402 575 persuadere
424 540 503 564 non
524 539 608 563 esse
633 526 843 563 tradendas
868 525 1031 575 posteris
1057 526 1290 564 inimicitias.
1351 527 1497 575 Quam-

166 604 285 640 quam
325 599 433 628 tuam
476 592 682 636 fortunam,
721 589 871 637 Cicero,
907 591 958 628 ab
997 590 1105 628 omni
1144 590 1319 639 periculo
1357 590 1495 629 abesse

165 664 314 694 certum
343 656 482 702 habeo,
506 663 637 693 tamen
664 654 828 693 arbitror
855 657 970 693 malle
991 663 1028 693 te
1049 655 1223 704 quietam
1251 663 1493 694 senectutem

165 729 204 759 et
235 720 493 759 honorificam
532 720 662 770 potius
701 734 814 770 agere
849 734 967 770 quam
1007 720 1224 759 sollicitam.
1290 724 1495 759 Postremo

166 799 255 824 meo
295 785 376 824 iure
410 793 449 824 te
483 786 559 824 hoc
597 785 836 824 beneficium
876 799 996 836 rogo,
1043 785 1140 824 nihil
1175 786 1279 824 enim
1315 800 1395 824 non
1428 794 1494 824 tua

165 864 283 889 causa
308 850 393 889 feci.
453 851 575 899 Quod
604 850 635 888 si
665 864 746 889 non
776 850 953 900 impetro,
976 863 1045 900 per
1071 864 1134 889 me
1159 850 1303 890 Clodio
1332 852 1493 889 daturus

164 930 245 955 non
280 930 376 964 sum,
404 924 446 955 ut
475 916 676 966 intellegas
707 916 842 966 quanti
872 917 979 965 apud
1015 930 1077 955 me
1110 916 1319 955 auctoritas
1350 925 1416 955 tua
1445 916 1493 955 sit

163 989 281 1032 atque
308 995 356 1020 eo
380 990 418 1021 te
444 981 735 1032 placabiliorem
764 982 962 1031 praebeas.

809 1082 852 1119 B.

455 1160 526 1192 Ser.
546 1160 579 1191 in
598 1161 751 1192 Cumano
768 1161 802 1191 vi
823 1161 866 1192 K.
887 1159 969 1192 Mai.
991 1171 1020 1192 a.
1042 1172 1098 1200 710
1117 1161 1204 1202 (44).

473 1233 649 1264 CICERO
682 1233 900 1264 ANTONIO
932 1233 1031 1265 COS.
1068 1233 1103 1264 S.
1138 1233 1178 1264 D.

216 1305 339 1355 Quod
367 1318 522 1344 mecum
546 1318 616 1355 per
638 1304 785 1343 litteras
811 1304 891 1354 agis
919 1318 1038 1343 unam
1066 1305 1118 1343 ob
1145 1318 1304 1343 causam
1332 1306 1487 1343 mallem
1511 1318 1527 1345 1

161 1383 293 1409 coram
315 1370 468 1420 egisses.
529 1371 623 1408 Non
650 1369 755 1408 enim
784 1371 910 1407 solum
939 1383 986 1408 ex
1009 1369 1186 1408 oratione
1214 1371 1283 1409 sed
1304 1369 1421 1408 etiam
1443 1384 1489 1408 ex

160 1437 269 1473 vultu
299 1443 337 1473 et
367 1434 491 1473 oculis
521 1442 559 1473 et
586 1436 723 1481 fronte,
747 1442 788 1472 ut
817 1433 937 1481 aiunt,
965 1448 1097 1472 meum
1128 1448 1217 1484 erga
1246 1442 1283 1472 te
1313 1448 1486 1472 amorem

160 1500 378 1551 perspicere
405 1500 609 1551 potuisses.
670 1501 773 1538 Nam
801 1513 891 1538 cum
917 1508 955 1538 te
984 1514 1138 1550 semper
1163 1501 1291 1539 amavi
1318 1501 1487 1550 primurn

160 1574 228 1604 tuo
258 1565 399 1613 studio,
427 1573 515 1615 post
545 1564 662 1604 etiarn
698 1565 892 1603 beneficio
923 1573 1166 1615 provocatus,
1190 1574 1273 1603 turn
1304 1565 1363 1603 his
1393 1573 1488 1604 tem-

159 1630 318 1680 poribus
349 1643 408 1668 res
438 1629 596 1680 publica
626 1637 663 1668 te
696 1629 791 1667 mihi
822 1629 874 1667 ita
903 1630 1196 1668 commendavit
1226 1638 1267 1668 ut
1297 1630 1486 1668 cariorem

157 1696 325 1734 habeam
364 1694 575 1733 neminem.
635 1694 806 1733 Litterae
839 1708 931 1733 vero
965 1703 1055 1732 tuae
1089 1708 1178 1733 cum
1218 1694 1485 1733 amantissime
1505 1709 1529 1735 2

158 1769 241 1798 tum
272 1759 667 1798 honorificentissime
699 1759 865 1809 scriptae
897 1760 952 1797 sic
982 1774 1045 1798 me
1075 1762 1303 1799 adfecerunt
1334 1768 1375 1798 ut
1405 1774 1483 1798 non

157 1826 249 1864 dare
279 1825 350 1863 tibi
381 1824 619 1863 beneficium
643 1824 794 1863 viderer
821 1826 891 1863 sed
921 1824 1098 1875 accipere
1129 1839 1152 1863 a
1179 1833 1216 1863 te
1246 1825 1298 1863 ita
1328 1833 1487 1875 petente

158 1897 199 1928 ut
233 1889 435 1928 inimicum
476 1903 620 1937 meum,
647 1889 910 1928 necessarium
941 1898 1053 1928 tuum
1088 1904 1151 1929 me
1183 1890 1305 1928 invito
1336 1904 1487 1929 servare

158 1956 292 2001 nolles,
316 1968 406 1992 cum
433 1954 473 1993 id
500 1956 609 1992 nullo
638 1954 797 2004 negotio
827 1955 953 1993 facere
979 1968 1125 2004 posses.
1187 1956 1272 2004 Ego
1296 1968 1387 1993 vero
1414 1955 1483 1993 tibi
1505 1963 1529 1999 3

158 2019 267 2066 istuc,
297 2019 350 2056 mi
381 2019 542 2065 Antoni,
575 2018 731 2057 remitto
768 2027 886 2069 atque
921 2019 973 2057 ita
1008 2027 1050 2057 ut
1085 2033 1148 2058 me
1182 2033 1206 2057 a
1237 2027 1284 2066 te,
1317 2034 1407 2057 cum
1440 2020 1484 2058 iis

157 2083 283 2122 verbis
314 2083 519 2133 scripseris,
543 2083 811 2122 liberalissime
840 2091 960 2133 atque
989 2084 1385 2123 honorificentissime
1414 2092 1485 2122 tra-

156 2156 303 2186 ctatum
334 2147 564 2194 existimem,
587 2147 707 2198 idque
736 2161 826 2186 cum
858 2155 995 2194 totum,
1019 2161 1182 2198 quoquo
1210 2150 1331 2187 modo
1359 2162 1399 2187 se
1424 2163 1483 2187 res

97 2227 111 2255 ς
156 2213 330 2260 haberet,
351 2212 421 2250 tibi
442 2213 616 2250 dandum
644 2220 832 2262 putarem,
856 2220 939 2250 tum
966 2213 1018 2250 do
1045 2212 1163 2251 etiam
1190 2213 1423 2252 humanitati
1445 2222 1483 2252 et

203 2326 213 2345 1
243 2326 310 2346 non
332 2316 579 2354 contempsisse
606 2316 685 2346 coni.
707 2316 825 2355 Baiter,
846 2327 941 2355 quem
958 2317 1104 2356 seqzcl'lnr
1119 2317 1221 2347 Reid:
1247 2328 1314 2347 non
1333 2323 1482 2348 contem-

155 2359 263 2398 pseris
281 2359 385 2396 codd.‚
403 2362 432 2388 et
449 2369 515 2389 non
524 2364 585 2399 pro
605 2370 647 2389 ne
667 2360 701 2389 in
724 2359 857 2389 Antoni
875 2365 919 2399 ep.
948 2360 1153 2390 tolerandum
1169 2371 1234 2390 esse
1243 2364 1341 2401 putat
1355 2361 1479 2399 Bb'ckel,

156 2402 190 2432 id
210 2402 299 2441 quod
319 2402 410 2432 valde
428 2402 557 2432 dubito:
591 2413 659 2434 non
684 2413 750 2443 quo
779 2404 1024 2443 contempseris
1054 2403 1261 2445 lVesenberg:
1294 2414 1364 2435 non
1391 2405 1483 2445 quod

154 2446 399 2486 contempseris
417 2445 540 2477 Mziller
