1752 2793
755 657 918 694 SIGLA

344 795 373 828 C
393 810 416 819 =
442 806 571 837 margo
588 794 762 828 editionis
782 793 1048 828 Cratandrinae
1069 793 1254 837 (Basileae
1277 795 1378 837 1528)

265 854 367 887 le.
388 869 420 880 =
439 853 614 893 lectiones
633 853 668 887 in
688 859 787 887 textu
806 852 977 887 editionis
999 852 1266 886 Cratandrinae

335 911 371 944 Z
387 927 419 938 =
440 911 555 944 codex
574 910 825 945 Tornesianus
844 910 916 943 iam
935 909 1148 953 deperditus
1168 909 1255 953 (vid.
1275 908 1406 952 Praef.)

175 967 231 1010 ΖΙ,
250 966 310 1011 Z''‚
330 968 376 1002 Z‘
392 984 425 995 =
445 969 558 1002 codex
603 968 854 1002 Tomesianus
893 968 1098 1002 secundum
1136 967 1307 1001 Lambini
1343 975 1378 1002 et
1416 968 1501 1001 Bosi

479 1033 515 1060 et
533 1026 696 1060 Turnebi
715 1025 928 1060 testimonia

238 1085 366 1118 Lamb.
388 1100 421 1111 =
439 1083 615 1118 lectiones
627 1083 662 1117 in
678 1090 777 1117 textu
796 1083 969 1118 editionis
986 1083 1252 1118 Lainbinianae
1264 1084 1320 1118 vel
1336 1084 1502 1118 Lambini

481 1148 712 1176 coniecturae

175 1201 205 1233 L
220 1200 370 1244 (meing.)
390 1216 424 1227 =
441 1199 615 1234 lectiones
636 1198 806 1233 Lambini
826 1199 862 1233 in
881 1211 994 1243 marg.
1013 1199 1188 1234 editionis
1206 1199 1418 1244 posterioris

267 1270 302 1292 τ’.
321 1270 348 1292 ι·.
367 1273 400 1284 =
417 1258 594 1292 lectiones
621 1257 754 1291 veteris
781 1257 917 1291 codicis
938 1257 1109 1300 (fortasse
1127 1258 1167 1301 Z)
1192 1258 1227 1292 in
1255 1258 1419 1302 margine
1446 1258 1501 1292 ed.

480 1315 746 1349 Lambinianae
762 1315 973 1360 posterioris

322 1375 372 1407 W
385 1390 418 1401 =
437 1374 645 1418 fragmenta
672 1374 811 1408 codicis
829 1374 1172 1418 Wurceburgensis,
1192 1375 1302 1409 saecl.
1320 1382 1356 1409 ut
1375 1375 1448 1410 vid.
1470 1375 1501 1408 xi

481 1433 648 1467 exeuntis
666 1433 723 1467 vel
741 1432 790 1466 xii
810 1433 970 1467 ineuntis

319 1567 369 1600 11]
385 1582 418 1593 =
436 1567 554 1600 codex
574 1566 766 1600 Mediceus
783 1576 840 1609 49.
863 1567 914 1609 18,
934 1566 1019 1600 anni
1042 1567 1130 1609 1389

348 1635 365 1657 s
381 1640 415 1651 =
435 1624 550 1658 codex
567 1623 729 1658 Vrbinas
749 1624 784 1657 in
804 1624 892 1658 bibl.
910 1624 1093 1658 Vaticana
1112 1634 1191 1668 322,
1211 1626 1319 1659 saecl.
1338 1638 1396 1659 xv.

342 1688 368 1714 Δ
388 1698 421 1709 =
438 1693 639 1716 consensus
658 1682 826 1716 codicum
848 1684 886 1716 M
907 1689 942 1717 et
960 1694 978 1716 s

331 1819 368 1851 E
384 1833 418 1845 =
438 1825 609 1862 excerpta
627 1817 875 1853 Ambrosiana
895 1819 925 1851 E
949 1827 1002 1867 14,
1022 1818 1130 1852 saecl.
1149 1825 1186 1852 ut
1205 1818 1280 1852 vid.
1298 1818 1369 1853 xiv,

330 1877 421 1909 ΝΞ
442 1876 557 1910 codex
588 1877 857 1911 Laurentianus
888 1889 932 1911 ex
961 1876 1112 1910 abbatia
1142 1877 1355 1911 Florentina
1383 1889 1418 1911 n.
1450 1886 1502 1919 14.

479 1935 587 1969 saecl.
608 1935 667 1968 xiv
685 1935 852 1969 exeuntis
871 1936 926 1969 vel
946 1947 991 1969 xv
1011 1934 1169 1969 ineuntis

328 1993 419 2026 H:
439 1993 556 2026 codex
591 1993 805 2027 Landianus
840 1993 875 2027 in
911 1993 999 2027 bibl.
1036 1992 1246 2027 Placentina
1277 1994 1309 2036 8,
1338 1992 1503 2027 eiusdem

480 2051 612 2085 aetatis

336 2122 359 2140 π
377 2123 410 2135 =
431 2109 548 2142 codex
574 2110 761 2144 Parisinus
789 2109 824 2143 in
847 2109 934 2143 bibl.
955 2108 1131 2143 nationali
1153 2109 1289 2152 (Nouv.
1309 2110 1435 2144 Fonds
1464 2111 1504 2144 16

483 2167 576 2209 248),
593 2167 670 2202 fere
689 2168 854 2202 eiusdem
873 2168 1004 2201 aetatis

341 2224 419 2257 0:
441 2224 557 2258 codex
583 2225 825 2260 Taurinensis
855 2225 875 2259 i.
907 2234 936 2269 5.
967 2235 1011 2268 34
1043 2225 1079 2259 in
1114 2225 1201 2259 bibl.
1229 2225 1503 2263 Vniversitatis.

480 2283 586 2316 saecl.
604 2295 650 2316 xv

334 2341 417 2373 P:
438 2341 555 2374 codex
581 2341 768 2375 Parisinus
802 2340 837 2375 in
868 2341 955 2375 bibl.
984 2340 1157 2375 nationali
1190 2342 1293 2385 8536,
1322 2343 1431 2376 saecl.
1460 2353 1503 2375 xv

479 2399 638 2433 ineuntis

337 2457 371 2490 R
388 2472 421 2483 =
442 2457 558 2491 codex
576 2457 766 2491 Parisinus
785 2457 820 2492 in
839 2457 925 2492 bibl.
945 2458 1121 2492 nationali
1141 2459 1243 2502 8538,
1262 2458 1349 2492 anni
1372 2467 1460 2501 1419

337 2519 359 2547 Σ
378 2530 411 2542 =
431 2526 633 2550 consensus
653 2515 823 2550 codicum
843 2517 1030 2550 ENHOP
1050 2524 1111 2551 aut
1132 2517 1239 2551 EOR
1258 2523 1320 2550 aut
1341 2517 1443 2551 ORP
