1827 2798
179 130 273 167 XII.
298 129 406 166 xviii
659 120 726 166 ΓΜ.
758 128 928 166 TVLLI
958 127 1265 168 CICERONIS

303 247 398 279 tarn.
455 241 533 278 Sed
561 238 694 278 omnia
720 245 763 276 ut
786 240 904 277 voles.
966 240 1051 289 Ego
1078 239 1185 278 enim
1208 240 1400 292 quicquid
1428 242 1565 283 feceris
1592 242 1634 282 id

303 319 395 344 cum
415 312 520 343 recte
540 311 624 342 tum
645 304 764 342 etiam
785 318 874 343 mea
893 317 1013 343 causa
1032 306 1180 344 factum
1199 307 1361 356 putabo.

345 458 505 494 XVIII
523 470 547 494 a
622 461 692 493 Ser.
714 460 860 492 Asturae
876 461 915 493 iii
925 461 974 494 Id.
995 461 1097 494 Mart.
1116 473 1145 494 a.
1168 473 1227 505 709
1246 464 1327 505 (45).

707 550 880 582 CICERO
909 550 1096 583 ATTICO
1125 551 1231 584 SAL.

266 650 284 677 1
359 640 457 679 Heri
479 654 569 679 cum
591 653 638 678 ex
661 639 827 678 aliorum
855 639 991 678 litteris
1019 640 1293 691 cognovissem
1321 641 1372 680 de
1392 640 1543 680 Antoni
1570 642 1636 680 ad-
1655 658 1672 690 5

301 714 433 753 ventu,
456 705 671 744 admiratus
699 718 786 742 sum
812 704 910 742 nihil
937 718 1022 743 esse
1050 705 1090 743 in
1120 705 1209 744 tuis.
1267 707 1346 745 Sed
1373 714 1482 745 erant
1509 705 1636 756 pridie

303 772 465 810 fortasse
487 769 652 819 scriptae
669 783 786 819 quam
805 771 930 808 datae.
982 771 1124 820 Neque
1145 770 1218 808 ista
1238 770 1401 820 quidem
1417 785 1511 810 curo
1526 786 1536 819 3
1565 772 1636 810 sed

303 843 436 875 tamen
459 835 599 886 opinor
618 842 778 885 propter
798 835 963 884 praedes
984 848 1076 873 suos
1096 835 1375 874 accucurrisse.

261 915 286 943 2
359 902 481 950 Quod
502 900 638 939 scribis
655 899 881 938 Terentiam
903 900 953 938 de
974 899 1292 950 obsignatoribus
1313 900 1391 939 mei
1412 900 1637 940 testamenti

302 967 423 1016 loqui,
439 966 609 1016 primum
630 964 700 1003 tibi
721 965 913 1015 persuade
934 978 998 1003 me
1018 964 1138 1003 istaec
1158 978 1239 1003 non
1256 979 1390 1004 curare
1405 979 1536 1016 neque
1552 980 1637 1005 esse

303 1032 517 1082 quicquam
538 1038 604 1069 aut
625 1044 766 1081 parvae
787 1043 903 1068 curae
923 1037 990 1068 aut
1010 1043 1136 1069 novae
1156 1030 1243 1069 loci.
1295 1031 1373 1069 Sed
1391 1038 1523 1069 tamen
1540 1031 1637 1081 quid

304 1097 463 1136 simile?
521 1098 595 1135 Illa
615 1109 682 1134 eos
703 1109 784 1133 non
804 1095 987 1134 adhibuit
1008 1109 1108 1145 quos
1136 1094 1369 1134 existimavit
1390 1096 1637 1146 quaesituros

305 1162 379 1200 nisi
401 1162 565 1200 scissent
586 1161 682 1211 quid
702 1168 815 1199 esset.
876 1162 984 1198 Num
1005 1160 1046 1199 id
1073 1160 1192 1198 etiam
1219 1160 1316 1198 mihi
1342 1160 1505 1210 periculi
1532 1160 1637 1199 fuit?

306 1228 384 1266 Sed
406 1234 538 1265 tamen
559 1226 674 1265 faciat
694 1225 760 1263 illa
780 1226 889 1275 quod
910 1239 993 1274 ego.
1055 1225 1173 1264 Dabo
1194 1239 1327 1263 meum
1355 1232 1636 1264 testamentum

304 1293 516 1342 legendum
539 1291 601 1329 cui
622 1290 787 1330 voluerit
802 1305 812 1338 3
841 1290 1040 1340 intelleget
1064 1303 1146 1328 non
1173 1290 1349 1340 potuisse
1376 1291 1637 1330 honorificen-
1682 1310 1693 1317 -

304 1357 380 1396 tius
401 1371 423 1395 a
451 1371 514 1395 me
542 1355 624 1395 fieri
651 1357 702 1394 de
729 1363 874 1405 nepote
903 1368 1021 1405 quam
1052 1354 1226 1393 fecerim.
1284 1356 1389 1393 Nam
1416 1357 1525 1405 quod
1554 1369 1636 1395 non

302 1421 494 1461 advocavi
514 1423 564 1460 ad
586 1420 890 1471 obsignandum,
914 1420 1085 1470 primum
1113 1419 1210 1457 mihi
1238 1433 1319 1458 non
1339 1420 1445 1458 venit
1466 1421 1505 1458 in
1530 1435 1638 1460 men—

303 1495 394 1534 tem,
419 1487 564 1526 deinde
586 1500 631 1525 ea
652 1500 691 1525 re
713 1499 794 1524 non
815 1485 933 1532 venit,
957 1485 1049 1535 quia
1069 1484 1166 1522 nihil
1186 1484 1357 1524 attinuit.
1415 1487 1519 1525 Tute
1546 1487 1633 1534 scis,

303 1553 334 1591 si
362 1554 484 1591 modo
512 1551 737 1598 meministi,
761 1564 825 1589 me
852 1550 923 1589 tibi
950 1558 1033 1588 tum
1062 1549 1205 1588 dixisse
1232 1557 1275 1588 ut
1302 1551 1352 1588 de
1380 1550 1455 1588 tuis
1482 1550 1635 1600 aliquos

303 1619 532 1656 adduceres.
592 1616 701 1666 Quid
722 1615 828 1654 enim
850 1628 949 1664 opus
971 1621 1051 1653 erat
1073 1613 1234 1652 multis?
1283 1614 1481 1664 Equidem
1503 1617 1637 1654 dome-

304 1682 423 1721 sticos
453 1682 653 1720 iusseram.
713 1682 818 1718 Turn
847 1679 917 1718 tibi
945 1678 1092 1728 placuit
1119 1686 1161 1717 ut
1189 1678 1384 1717 mitterem
1411 1681 1462 1718 ad
1484 1680 1633 1719 Silium.

305 1748 407 1785 Inde
429 1754 486 1785 est
507 1753 643 1784 natum
664 1752 707 1783 ut
727 1745 778 1782 ad
800 1743 1014 1782 Publilium
1028 1757 1039 1791 3
1069 1744 1139 1782 sed
1159 1756 1321 1782 necesse
1348 1752 1530 1784 neutrum
1550 1745 1634 1784 fuit.

306 1813 400 1850 Hoc
421 1818 463 1850 tu
484 1809 668 1850 tractabis
689 1817 731 1848 ut
752 1808 823 1848 tibi
843 1808 1050 1847 videbitur.

347 1964 459 2000 XIX
585 1967 654 1999 Scr.
675 1965 822 1997 Asturae
831 1964 919 2006 prid.
939 1964 989 1997 Id.
1011 1963 1111 1995 Mart.
1133 1975 1162 1995 α.
1186 1975 1245 2005 709
1265 1963 1345 2005 (45).

707 2054 882 2086 CICERO
911 2052 1099 2084 ATTICO
1129 2051 1236 2083 SAL.

270 2156 289 2185 1
361 2147 431 2183 Est
452 2144 516 2183 hic
530 2144 691 2195 quidem
712 2145 822 2182 locus
838 2155 1029 2181 amoenus
1046 2149 1084 2180 et
1104 2141 1144 2179 in
1161 2140 1257 2179 mari
1277 2140 1363 2190 ipso
1377 2139 1444 2190 qui
1461 2147 1499 2178 et
1514 2140 1636 2179 Antio

307 2218 345 2249 et
366 2210 527 2250 Circeiis
548 2209 670 2259 aspici
690 2208 838 2259 possit3
877 2208 947 2246 sed
975 2207 1150 2245 ineunda
1176 2204 1291 2244 nobis
1318 2205 1416 2244 ratio
1438 2213 1496 2243 est
1517 2219 1636 2254 quem

305 2276 357 2314 ad
377 2276 541 2313 modum
563 2275 602 2312 in
624 2274 733 2312 omni
754 2273 974 2312 mutatione
998 2271 1263 2318 dominorum,
1287 2284 1388 2320 quae
1415 2270 1637 2308 innumera-

350 2389 387 2409 12
412 2378 602 2409 haesituros
620 2378 696 2408 coni.
714 2377 817 2408 Orelli
916 2386 954 2415 13
978 2375 1058 2415 quid
1071 2378 1125 2405 ΣΔ
1143 2386 1150 2405 z
1175 2375 1249 2413 quis
1267 2373 1294 2404 C
1308 2384 1335 2404 v.
1355 2384 1379 2404 c.
1488 2383 1525 2412 17
1550 2374 1635 2405 alios

303 2426 378 2453 ante
393 2422 552 2453 advocavi
570 2420 685 2451 addere
701 2420 770 2452 vult
785 2420 869 2451 Boot
1000 2430 1041 2449 22
1068 2418 1244 2448 Publilium
1265 2417 1351 2448 Crat.
1370 2428 1377 2448 :
1403 2417 1556 2447 Publium
1574 2418 1616 2448 M
