1827 2798
234 164 281 199 X.
305 163 382 199 xvi
630 162 686 199 M.
719 162 886 198 TVLLI
919 159 1227 199 CICERONIS

331 287 410 311 non
433 275 553 311 modo
567 272 798 323 placabilem
817 286 880 310 me
893 271 1159 321 praebuissem
1181 273 1250 310 sed
1267 280 1393 310 totum
1410 271 1656 318 remisissem,

331 338 361 375 si
381 337 603 375 advenisset
619 350 696 386 qua
717 344 848 374 mente
869 344 910 374 tu
931 338 981 374 ad
1003 350 1066 374 me
1087 336 1303 386 scripseras.
1364 339 1456 375 Erat
1477 337 1582 375 enim
1604 336 1658 374 sic

330 402 370 438 in
413 401 487 438 tuis
531 400 665 438 litteris
713 414 810 450 quas
848 400 987 450 Arpini
1031 415 1271 450 acceperam,
1312 415 1403 440 eum
1451 409 1658 439 venturum

330 467 604 516 facturumque
635 467 744 515 quod
776 479 848 515 ego
883 467 1034 504 vellem.
1109 468 1194 516 Ego
1221 467 1402 504 volebam
1436 474 1567 504 autem
1598 468 1659 504 vel

331 531 540 581 cupiebam
572 530 702 581 potius
734 544 819 569 esse
851 544 941 569 eum
976 530 1196 569 nobiscum.
1257 533 1379 580 Quod
1408 531 1500 581 quia
1529 533 1657 581 plane,
1679 543 1697 575 5

331 610 422 634 cum
453 596 492 633 in
521 595 773 634 Formianum
801 596 980 644 venisset,
1004 596 1255 646 praeciderat,
1278 596 1450 646 asperius
1477 597 1528 634 ad
1548 604 1586 634 te
1610 598 1660 634 de

332 674 380 699 eo
394 661 561 699 scribere
578 661 764 699 solebam.
825 663 876 699 At
891 661 953 699 ille
970 675 1165 711 perpauca
1179 663 1332 699 locutus
1346 663 1447 699 hanc
1463 675 1659 699 summam

331 726 468 764 habuit
489 726 674 764 orationis
696 734 737 764 ut
754 726 827 764 sibi
843 726 1086 776 ignoscerem
1102 741 1112 774 ,-
1141 740 1182 764 se
1199 727 1314 764 rebus
1331 726 1408 764 suis
1425 726 1658 776 impeditum

331 790 539 828 nobiscum
568 790 621 829 ire
642 804 723 828 non
750 804 879 840 posse.
939 793 1069 829 Pauca
1089 790 1285 841 respondi,
1310 804 1496 840 magnum
1525 791 1658 841 accepi

331 857 520 903 dolorem,
544 855 715 894 intellexi
736 857 931 894 fortunam
952 856 1003 894 ab
1031 869 1078 894 eo
1106 864 1279 894 nostram
1305 857 1532 905 despectam
1562 869 1657 894 esse.
1685 870 1723 892 10

333 920 441 969 Quid
489 921 671 970 quaeris?
719 920 897 971 (fortasse
945 920 1162 971 miraberis)
1212 920 1250 958 in
1295 920 1472 959 maximis
1520 922 1660 959 horum

332 994 554 1036 temporum
582 986 783 1024 doloribus
814 987 918 1024 hunc
951 985 1046 1023 mihi
1080 985 1177 1024 scito
1206 1000 1300 1024 esse.
1361 985 1490 1024 Velim
1520 994 1562 1024 ut
1592 986 1662 1024 tibi

332 1050 482 1088 amicus
514 1050 572 1088 sit.
633 1052 725 1088 Hoc
757 1064 847 1088 cum
879 1050 949 1088 tibi
981 1059 1086 1100 opto,
1120 1058 1214 1100 opto
1246 1059 1287 1088 ut
1319 1051 1457 1089 beatus
1488 1050 1564 1099 sis3
1593 1051 1663 1089 erit

334 1115 438 1154 enim
461 1123 539 1153 tam
561 1115 639 1153 diu.
909 1105 911 1107 Ι

291 1191 316 1218 2
390 1180 609 1220 Consilium
641 1188 817 1218 nostrum
851 1194 964 1231 spero
998 1194 1163 1219 vacuum
1199 1181 1374 1231 periculo
1405 1183 1497 1220 fore.
1558 1182 1661 1219 Nam
1686 1192 1722 1223 15

335 1254 372 1285 et
393 1246 723 1284 dissimulavimus
748 1254 796 1292 et,
819 1254 861 1284 ut
881 1245 1031 1295 opinor,
1055 1259 1129 1283 non
1150 1246 1335 1284 acerrime
1356 1246 1660 1284 adservabimur.

335 1311 543 1361 Navigatio
565 1314 685 1351 modo
707 1313 753 1350 sit
775 1313 930 1361 qualem
962 1319 1067 1360 opto,
1091 1318 1229 1357 cetera,
1253 1324 1354 1360 quae
1382 1311 1544 1361 quidem
1575 1325 1665 1349 con-

335 1376 421 1414 silio
455 1377 648 1426 provideri
684 1384 876 1427 poterunt,
911 1376 1163 1413 cavebuntur.
1223 1377 1297 1422 Tu,
1335 1376 1430 1413 dum
1462 1377 1661 1423 adsumus,

335 1455 415 1479 non
444 1443 564 1480 modo
585 1456 685 1491 quae
707 1442 804 1480 scies
831 1441 1048 1480 audierisve
1074 1441 1143 1478 sed
1172 1440 1288 1478 etiam
1311 1453 1411 1490 quae
1432 1442 1560 1479 futura
1580 1454 1664 1491 pro-

335 1506 486 1544 videbis
508 1508 653 1545 scribas
674 1507 801 1545 velim.
1687 1517 1724 1538 20

293 1579 318 1616 3
391 1572 502 1618 Cato,
540 1571 606 1622 qui
645 1572 815 1610 Siciliam
855 1580 987 1610 tenere
1023 1574 1131 1610 nullo
1167 1571 1326 1621 negotio
1364 1570 1492 1621 potuit
1531 1570 1596 1621 (et,
1633 1571 1663 1608 si

335 1636 534 1683 tenuisset,
570 1650 707 1674 omnes
743 1636 837 1674 boni
871 1638 921 1674 ad
949 1650 1039 1674 eum
1074 1650 1114 1674 se
1146 1635 1432 1685 contulissent),
1467 1635 1664 1684 Syracusis

336 1702 532 1750 profectus
549 1709 606 1739 est
627 1710 718 1739 ante
739 1701 843 1739 diem
861 1714 934 1739 vni
956 1704 1004 1739 K.
1024 1701 1130 1748 Mai„
1148 1710 1189 1738 ut
1207 1702 1257 1738 ad
1279 1714 1341 1738 me
1358 1699 1478 1738 Curio
1500 1699 1661 1750 scripsit.

336 1765 508 1811 Vtinam,
551 1767 659 1815 quod
697 1766 816 1811 aiunt,
858 1768 976 1805 Cotta
1016 1765 1235 1804 Sardiniam
1275 1767 1430 1802 teneat!
1471 1772 1528 1802 est
1558 1764 1662 1802 enim

336 1844 477 1868 rumor.
538 1831 585 1877 O,
608 1819 639 1868 si
660 1831 699 1868 id
721 1831 843 1877 fuerit,
867 1839 1018 1880 turpem
1043 1832 1236 1869 Catonem
1256 1832 1261 1867 l
1686 1842 1724 1872 25

290 1902 317 1940 4
393 1897 477 1944 Ego
510 1903 550 1933 ut
583 1894 799 1933 minuerem
834 1895 1099 1945 suspicionem
1139 1893 1392 1944 profectionis
1425 1901 1492 1931 aut
1523 1893 1666 1943 cogita-

337 1960 454 1998 tionis
476 1973 596 2006 meae,
619 1961 816 2010 profectus
837 1973 922 1998 sum
944 1959 983 1997 in
1013 1959 1299 2009 Pompeianum
1320 1972 1351 1996 a.
1375 1960 1411 1996 d.
1438 1971 1482 1995 111
1507 1960 1602 1997 Idus
1624 1968 1667 1997 ut

338 2024 391 2062 ibi
413 2038 537 2062 essem
560 2026 655 2062 dum
677 2038 777 2074 quae
798 2026 847 2062 ad
870 2024 1134 2074 navigandum
1156 2036 1254 2073 opus
1276 2031 1405 2061 essent
1427 2031 1662 2072 pararentur.

338 2092 440 2129 Cum
468 2090 517 2127 ad
540 2089 670 2127 villam
698 2088 903 2135 venissem,
926 2097 1086 2127 ventum
1114 2096 1171 2126 est
1195 2089 1246 2125 ad
1274 2101 1359 2125 me:
1390 2087 1664 2126 ‘centuriones

337 2155 453 2193 trium
485 2154 717 2201 cohortium,
753 2168 853 2203 quae
886 2153 1084 2204 Pompeiis
1115 2161 1214 2199 sunt,
1250 2166 1312 2190 me
1344 2154 1443 2190 velle
1474 2152 1662 2202 postridie
1685 2166 1724 2196 30

387 2263 425 2290 16
450 2259 732 2289 dissimulabimus
765 2258 848 2288 Pius
959 2269 1024 2288 non
1058 2257 1132 2288 add.
1164 2256 1303 2297 Madwg
1411 2257 1667 2286 adservabimur

339 2303 472 2334 Lan1l›.:
491 2304 613 2333 -bimus
627 2302 715 2333 codd.
758 2301 950 2342 ll'cse11l1e7g
962 2302 1006 2332 ιἸα
1019 2301 1220 2341 interpunxit
1233 2305 1348 2330 et—ut
1360 2300 1490 2339 opinor.
1505 2300 1667 2330 acerrime

339 2346 810 2383 adservabimur—navigatio
968 2356 1007 2384 19
1031 2346 1119 2375 scies
1144 2343 1196 2373 M¹
1228 2343 1435 2384 Wesenberg:
1469 2344 1585 2374 scieris
1614 2342 1669 2373 ,⁷11²

341 2402 383 2430 29
408 2396 542 2420 ventum
563 2390 664 2420 codd:
692 2390 880 2420 nuntiatum
898 2388 1000 2419 Rm'cl:
1027 2389 1168 2419 relatum
1185 2387 1310 2419 Mz‘c'ller
