1827 2798
144 540 155 548 .

141 550 158 572 ἰ·

124 869 161 890 10

123 1194 158 1224 15

125 1523 164 1544 20

591 159 702 197 EPP.
736 159 813 196 AD
844 158 1101 196 ATTICVM
1399 157 1508 194 XIV.
1530 157 1588 192 xii

222 265 313 300 XII
499 266 568 299 scr.
588 268 729 299 Puteolis
743 279 768 297 x
783 268 826 298 K.
851 267 932 298 Mai.
954 279 982 298 α.
1006 278 1062 307 710
1080 266 1167 309 (44).

583 333 758 363 CICERO
791 333 961 364 ATTICO
994 333 1093 365 SAL.

233 401 269 439 O
297 399 349 437 mi
371 399 511 445 Attice,
535 413 669 438 vereor
689 413 738 437 ne
765 399 880 437 nobis
904 401 998 437 Idus
1022 400 1187 439 Martiae
1207 399 1303 438 nihil
1325 399 1504 439 dederint
1525 404 1542 433 1

178 472 330 515 praeter
362 464 548 502 laetitiam
580 472 617 502 et
653 463 719 502 odi
754 477 921 513 poenam
961 476 1006 501 ac
1045 464 1200 502 doloris.
1262 467 1375 514 Quae
1409 464 1503 502 mihi

179 530 281 568 istim
316 530 566 567 adferuntur!
605 542 707 578 quae
736 527 799 565 hic
828 528 967 565 video!
997 528 1048 564 ’Ὼ
1082 531 1245 578 πράξεως
1280 533 1395 578 καλῆς
1427 531 1505 579 μέν,

179 598 333 635 ἀτελοῦς
370 594 419 632 δέ.
478 592 560 631 Scis
600 606 718 642 quarn
762 592 920 642 diligam
966 592 1118 631 Siculos
1163 601 1201 632 et
1239 607 1358 643 quam
1400 594 1505 632 illam

180 659 400 697 clientelam
422 659 629 695 honestam
650 656 832 695 iudicem.
890 658 1018 694 Multa
1039 656 1111 695 illis
1129 658 1274 696 Caesar
1294 672 1422 708 neque
1443 672 1506 698 me

179 723 311 769 invito,
345 722 416 761 etsi
452 722 642 760 Latinitas
672 729 751 759 erat
784 735 863 759 non
894 722 1064 760 ferenda.
1123 723 1269 760 Verum
1306 731 1503 762 tamen—.

181 790 285 826 Ecce
319 795 450 826 autem
480 786 678 825 Antonius
712 794 873 836 accepta
904 786 1040 835 grandi
1070 787 1238 836 pecunia
1269 788 1349 826 fixit
1381 790 1505 838 legem

179 867 201 892 a
226 853 415 892 dictatore
443 851 611 891 comitiis
639 853 757 889 latam
785 865 864 901 qua
892 851 1013 889 Siculi
1040 851 1144 890 cives
1171 853 1342 890 Romani
1357 868 1367 901 ς
1396 853 1507 892 cuius

180 919 233 957 rei
265 918 353 956 vivo
387 917 453 955 illo
487 916 636 955 mentio
668 918 783 954 nulla.
844 916 985 964 Quid?
1034 917 1209 955 Deiotari
1239 918 1361 956 nostri
1390 932 1507 957 causa

179 997 259 1022 non
286 982 450 1021 similis?
499 981 651 1031 Dignus
679 981 742 1019 ille
769 981 929 1031 quidem
957 982 1066 1019 omni
1090 995 1210 1031 regno
1237 984 1306 1021 sed
1333 997 1413 1021 non
1438 997 1507 1033 per

181 1048 368 1087 Fulviam.
429 1049 614 1085 Sescenta
644 1045 793 1083 similia.
845 1047 993 1083 Verum
1023 1046 1114 1084 illuc
1142 1060 1198 1084 me
1220 1049 1354 1085 refero.
1404 1050 1504 1085 Tam

180 1116 323 1152 claram
339 1120 499 1161 tamque
519 1118 698 1149 testatam
720 1124 798 1148 rem
818 1118 977 1159 tamque
998 1110 1139 1148 iustam
1158 1112 1402 1150 Buthrotiam
1425 1126 1505 1150 non

181 1178 402 1217 tenebimus
432 1176 562 1226 aliqua
591 1189 637 1214 ex
664 1176 801 1225 parte?
839 1182 878 1213 et
904 1188 952 1213 eo
979 1174 1139 1225 quidem
1171 1176 1292 1227 magis
1324 1190 1404 1227 quo
1434 1176 1505 1216 iste

179 1245 317 1294 plura?

235 1309 456 1348 Nobiscum
477 1307 542 1346 hic
558 1306 843 1358 perhonorifice
860 1315 897 1346 et
914 1307 1109 1358 peramice
1123 1308 1321 1347 Octavius
1374 1310 1504 1357 Quem
1525 1321 1549 1348 2

180 1375 340 1424 quidem
370 1373 428 1411 sui
455 1374 663 1413 Caesarem
694 1372 925 1418 salutabant,
950 1372 1154 1423 Philippus
1182 1387 1276 1421 non,
1297 1373 1429 1423 itaque
1456 1388 1505 1412 ne

179 1454 251 1478 nos
287 1440 474 1490 quidem;
515 1452 633 1488 quem
673 1451 774 1487 nego
812 1451 928 1487 posse
959 1451 1031 1475 esse
1064 1438 1214 1476 bonum
1249 1438 1385 1477 civem.
1447 1441 1505 1476 Ita

180 1505 292 1543 multi
322 1504 575 1542 circumstant
602 1502 669 1552 qui
699 1502 860 1551 quidem
895 1501 1036 1540 nostris
1068 1510 1234 1541 mortem
1265 1502 1502 1541 minitantur.

180 1572 336 1620 Negant
364 1571 460 1607 haec
490 1568 577 1606 ferri
600 1581 726 1618 posse.
786 1568 895 1616 Quid
924 1581 1061 1605 censes
1091 1581 1181 1605 cum
1210 1569 1380 1605 Romam
1411 1581 1507 1618 puer

178 1635 326 1674 venerit
356 1634 423 1673 ubi
453 1633 574 1672 nostri
604 1633 829 1671 liberatores
859 1632 931 1670 tuti
960 1645 1045 1670 esse
1075 1646 1155 1670 non
1183 1635 1376 1682 possunt?
1427 1633 1510 1681 Qui

179 1701 340 1750 quidem
368 1714 522 1750 semper
548 1705 660 1737 erunt
681 1697 783 1743 clari,
807 1697 1049 1735 conscientia
1068 1710 1159 1735 vero
1186 1697 1277 1735 facti
1301 1697 1360 1734 sui
1387 1697 1504 1735 etiarn

179 1765 295 1804 beati.
354 1766 432 1803 Sed
470 1778 553 1811 nos,
587 1763 661 1801 nisi
700 1776 763 1800 me
801 1762 908 1807 fallit,
942 1761 1170 1799 iacebimus.
1230 1764 1369 1811 Itaque
1403 1762 1505 1801 exire

122 1844 136 1865 2
178 1844 276 1868 aveo
303 1830 394 1868 ‘ubi
423 1843 496 1867 nec
525 1828 827 1878 Pelopidarum‚'
856 1826 995 1876 inquit.
1055 1828 1177 1865 Haud
1216 1840 1307 1864 amo
1338 1828 1398 1865 vel
1433 1828 1505 1865 hos

178 1895 402 1945 designatos
432 1894 499 1944 qui
525 1894 643 1932 etiam
671 1894 891 1931 declamare
918 1906 981 1930 me
1010 1900 1235 1942 coegerunt,
1256 1899 1297 1930 ut
1321 1906 1370 1930 ne
1399 1894 1505 1942 apud

178 1973 299 2009 aquas
327 1959 488 2009 quidem
517 1958 766 2007 acquiescere
796 1958 938 1995 liceret.
999 1958 1076 1995 Sed
1108 1958 1184 1995 hoc
1219 1970 1330 1995 meae
1361 1956 1506 1995 nimiae

179 2023 385 2061 facilitatis,
447 2025 551 2060 Nam
590 2022 630 2060 id
669 2030 749 2060 erat
789 2023 991 2071 quondam
1031 2021 1142 2071 quasi
1180 2035 1351 2068 necesse,
1386 2035 1504 2070 nunc,

180 2102 342 2138 quoquo
371 2089 492 2126 modo
515 2100 557 2125 se
586 2100 645 2125 res
675 2086 804 2132 habet,
831 2100 911 2124 non
940 2094 999 2124 est
1028 2086 1135 2124 item.

224 2204 242 2231 4
268 2198 300 2222 et
317 2192 372 2222 odi
388 2190 548 2231 poenam]
566 2190 658 2220 taedi
682 2200 825 2229 poenam
850 2189 1001 2229 lVo‘lfflsn,
1022 2190 1079 2220 sed
1099 2191 1251 2221 vocabulo
1270 2191 1416 2221 taedium
1438 2201 1503 2222 non

181 2236 398 2266 nlilm²Ct²ero
414 2234 504 2274 quod
513 2234 613 2264 sciam
750 2243 786 2272 13
813 2244 864 2263 me
879 2235 989 2264 refero
1007 2233 1213 2274 Wesenberg:
1237 2245 1302 2265 om.
1324 2245 1376 2264 me
1394 2233 1479 2265 codd.
1494 2246 1501 2267 :

181 2280 312 2310 referor
328 2274 373 2307 ΖΙ)
391 2291 397 2309 1
422 2282 577 2308 revertor
592 2276 677 2306 Reid
787 2287 823 2314 13
848 2278 910 2307 iste
926 2277 1000 2308 Vict.
1017 2289 1023 2308 ι
1048 2278 1112 2308 ista
1129 2277 1167 2308 M
1273 2288 1309 2316 17
1334 2278 1502 2316 peramice

181 2319 364 2353 COERZl:
399 2322 505 2351 amice
524 2325 552 2350 Δ
667 2321 705 2350 18
730 2330 798 2350 non
815 2321 893 2350 item
911 2320 1020 2351 Moser
1130 2331 1169 2361 19
1193 2332 1269 2351 esse
1285 2321 1361 2352 add.
1379 2321 1498 2352 Laud).

179 2377 217 2397 21
245 2370 371 2404 negant
389 2360 444 2394 ΖΜ
463 2375 490 2394 v.
509 2374 532 2395 c.
553 2363 581 2392 L
601 2364 740 2403 (matg.)
757 2375 764 2394 ε
788 2369 889 2402 negat
908 2365 948 2394 M
1034 2365 1106 2395 fieri
1123 2376 1152 2395 v.
1170 2375 1192 2396 c.
1210 2362 1253 2395 Zl
1366 2375 1407 2395 22
1431 2370 1501 2395 tuto

179 2410 278 2440 Klotz
337 2408 404 2447 Qui
421 2407 497 2438 add.
516 2411 584 2438 vell.
726 2417 765 2445 25
791 2407 899 2446 inquit
916 2409 984 2437 sine
999 2419 1087 2438 cruce
1101 2408 1170 2439 edd.
1186 2408 1338 2449 plerique,
1360 2409 1397 2448 cf.
1419 2408 1504 2438 Reid

178 2455 212 2484 In
232 2452 474 2484 ‘Hermathena
487 2452 494 2463 ’
514 2450 632 2492 (1901)
644 2455 678 2490 p.
698 2460 780 2489 253:
805 2461 880 2481 cum
897 2462 984 2482 cruce
999 2450 1121 2482 Miiller
