1827 2798
180 149 249 188 IX.
269 146 314 184 xi
332 158 358 185 A
646 144 713 180 M:
735 140 902 179 TVLLI
934 139 1241 186 CICERONIS

242 597 258 622 1

924 320 972 356 A.

517 447 519 449 -
548 424 617 456 Scr.
638 425 672 455 in
690 423 872 454 Formiano
886 422 943 453 xiv
959 421 1001 452 K.
1021 421 1108 461 Apr.
1129 432 1159 453 a.
1181 432 1235 462 705
1253 422 1337 464 (49).

559 501 733 533 CICERO
760 500 852 533 IMP.
880 500 915 531 S.
942 499 982 530 D.
1009 499 1212 530 CAESARI
1240 499 1331 532 ΙΜΡ.

332 584 386 621 Vt
425 581 499 631 legi
537 588 622 619 tuas
661 579 807 617 litteras
841 591 938 628 quas
971 591 995 616 a
1025 576 1172 616 Furnio
1209 584 1344 616 nostro
1382 590 1609 627 acceperam

275 647 422 698 quibus
462 660 618 685 mecum
656 645 800 695 agebas
838 651 881 682 ut
918 644 969 681 ad
1008 643 1145 681 urbem
1177 656 1316 689 essem,
1348 650 1387 681 te
1420 644 1520 681 velle
1554 642 1610 680 uti

282 712 469 751 ‘consilio
508 720 545 750 et
584 710 773 760 dignitate
811 710 923 747 mea’
963 707 1092 746 minus
1140 721 1227 746 sum
1271 707 1513 754 admiratus;
1560 709 1610 745 de

276 777 448 827 ‘gratia'
482 784 520 815 et
553 778 604 815 de
641 776 758 825 ‘ope'
794 773 889 824 quid
921 772 1158 823 significares
1189 785 1346 810 mecum
1380 772 1464 822 ipse
1496 786 1610 822 quae-

277 844 423 889 rebam,
456 856 524 892 spe
559 849 691 879 tamen
723 839 950 878 deducebar
982 839 1034 876 ad
1068 851 1155 875 eam
1189 836 1469 887 cogitationem
1500 845 1542 875 ut
1572 845 1608 876 te

277 922 348 958 pro
377 916 443 946 tua
472 905 692 945 admirabili
721 919 767 943 ac
799 903 982 954 singulari
1006 902 1196 952 sapientia
1225 903 1275 940 de
1305 902 1396 949 otio,
1419 903 1470 941 de
1499 916 1606 953 pace,

278 974 328 1011 de
349 972 561 1011 concordia
582 970 725 1009 civium
745 969 806 1019 agi
827 970 926 1007 velle
946 967 1160 1014 arbitrarer,
1179 974 1217 1005 et
1236 967 1286 1005 ad
1308 980 1395 1005 eam
1417 967 1608 1006 rationem

277 1037 552 1075 existimabam
591 1035 683 1073 satis
721 1042 852 1084 aptam
892 1046 977 1071 esse
1021 1040 1060 1070 et
1098 1039 1276 1069 naturam
1321 1039 1359 1070 et
1400 1046 1609 1082 personam

236 1115 261 1142 2
282 1116 421 1140 meam.
470 1102 591 1150 Quod
612 1100 643 1138 si
664 1100 716 1138 ita
736 1107 793 1138 est
814 1107 851 1137 et
872 1098 903 1136 si
924 1112 1002 1148 qua
1022 1099 1071 1135 de
1094 1096 1284 1146 Pompeio
1305 1105 1439 1135 nostro
1460 1099 1609 1136 tuendo

279 1176 317 1207 et
339 1167 409 1206 tibi
433 1181 479 1206 ac
508 1166 562 1205 rei
586 1165 767 1216 publicae
797 1163 1089 1203 reconciliando
1116 1177 1208 1201 cura
1234 1170 1272 1201 te
1297 1162 1461 1212 attingit,
1486 1163 1608 1213 magis

278 1232 467 1271 idoneum
488 1245 607 1281 quam
637 1243 710 1280 ego
739 1243 825 1267 sum
850 1230 901 1267 ad
931 1242 1017 1266 earn
1047 1241 1205 1266 causam
1235 1229 1411 1277 profecto
1441 1227 1608 1277 reperies

278 1297 477 1336 neminem
513 1295 580 1345 qui
610 1303 647 1334 et
677 1294 730 1332 illi
760 1307 913 1344 semper
942 1301 980 1331 et
1009 1292 1161 1330 senatui
1185 1305 1275 1330 cum
1303 1292 1473 1341 primum
1498 1292 1607 1342 potui

276 1361 384 1412 pacis
404 1368 540 1399 auctor
560 1360 614 1397 fui
636 1373 708 1398 nec
730 1358 895 1408 sumptis
915 1357 1031 1395 armis
1059 1357 1151 1395 belli
1178 1358 1297 1394 ullam
1326 1365 1475 1406 partem
1499 1357 1607 1407 attigi

276 1425 525 1475 iudicavique
547 1438 594 1463 eo
616 1425 720 1462 bello
741 1431 778 1461 te
799 1422 933 1460 violari
953 1429 1089 1460 contra
1116 1421 1227 1459 cuius
1254 1422 1446 1460 honorem
1471 1422 1607 1471 populi

277 1490 450 1529 Romani
480 1489 674 1528 beneficio
703 1501 936 1527 concessum
964 1487 1111 1525 inimici
1141 1495 1260 1537 atque
1291 1486 1412 1525 invidi
1443 1487 1607 1525 niteren-

276 1563 346 1593 tur.
407 1556 485 1593 Sed
514 1562 556 1592 ut
585 1567 632 1592 eo
663 1560 839 1602 tempore
872 1566 953 1590 non
987 1553 1108 1590 modo
1138 1551 1220 1602 ipse
1252 1553 1379 1590 fautor
1408 1551 1607 1602 dignitatis

276 1627 366 1658 tuae
404 1619 459 1657 fui
496 1632 629 1657 verum
664 1617 781 1655 etiam
813 1616 951 1655 ceteris
984 1624 1120 1654 auctor
1157 1618 1208 1655 ad
1247 1624 1285 1655 te
1323 1617 1603 1665 adiuvandum,

275 1684 330 1722 sic
352 1698 415 1722 me
441 1698 547 1722 nunc
576 1682 739 1732 Pompei
763 1681 931 1732 dignitas
961 1683 1214 1720 vehementer
1242 1690 1383 1721 movet.
1442 1682 1606 1732 Aliquot

275 1749 380 1787 enim
402 1756 492 1787 sunt
512 1747 604 1785 anni
625 1761 716 1785 cum
737 1761 806 1785 vos
827 1748 908 1784 duo
928 1746 1054 1796 delegi
1077 1760 1176 1796 quos
1207 1747 1415 1797 praecipue
1436 1749 1606 1785 colerem

231 1823 256 1860 3
275 1821 312 1851 et
342 1813 484 1863 quibus
514 1827 654 1856 essem,
684 1812 783 1850 sicut
812 1825 911 1858 sum,
942 1811 1213 1850 amicissimus.
1275 1813 1406 1860 Quam
1439 1812 1490 1850 ob
1524 1826 1605 1850 rem

274 1892 296 1915 a
331 1885 368 1916 te
397 1886 489 1928 peto
519 1879 579 1915 vel
609 1877 738 1927 potius
769 1876 953 1914 omnibus
984 1883 1021 1914 te
1052 1876 1233 1926 precibus
1264 1889 1333 1914 oro
1363 1884 1400 1914 et
1430 1877 1605 1914 obtestor

274 1950 316 1980 ut
352 1941 390 1979 in
422 1942 498 1980 tuis
530 1941 707 1979 maximis
742 1941 842 1979 curis
874 1940 1023 1990 aliquid
1054 1940 1253 1990 impertias
1292 1940 1479 1989 temporis
1513 1940 1604 1979 huic

275 2021 434 2056 quoque
464 2005 691 2055 cogitationi
719 2014 760 2044 ut
791 2013 859 2043 tuo
891 2005 1085 2043 beneficio
1116 2006 1244 2043 bonus
1265 2005 1330 2051 vir,
1353 2013 1494 2054 gratus,
1517 2005 1604 2055 pius

274 2071 447 2120 denique
477 2084 560 2109 esse
590 2071 629 2108 in
665 2069 823 2108 maximi
853 2069 1020 2108 benefici
1050 2069 1239 2107 memoria
1272 2069 1432 2119 possim.
1491 2070 1605 2118 Quae

275 2136 305 2173 si
345 2143 496 2173 tantum
535 2136 586 2173 ad
626 2148 689 2172 me
728 2134 856 2183 ipsum
891 2133 1143 2183 pertinerent,
1174 2147 1369 2183 sperarem
1406 2148 1468 2173 me
1506 2148 1529 2172 a
1568 2143 1605 2173 te

275 2209 407 2238 tamen
440 2200 749 2250 impetraturum,
781 2201 860 2245 sed,
896 2207 937 2237 ut
968 2199 1141 2245 arbitror,
1177 2207 1215 2237 et
1248 2200 1299 2237 ad
1338 2207 1445 2237 tuam
1484 2201 1603 2239 fidem

275 2273 312 2303 et
341 2266 391 2303 ad
419 2279 499 2303 rem
530 2264 729 2314 publicam
759 2264 926 2314 pertinet
955 2278 1016 2302 me
1047 2272 1084 2302 et
1111 2264 1217 2314 pacis
1247 2272 1284 2302 et
1314 2265 1515 2314 utriusque
1544 2279 1604 2304 ve-

324 2379 361 2407 19
386 2369 494 2398 fautor
510 2368 650 2398 Rosius:
676 2373 793 2398 auctor
809 2368 912 2399 codd:
937 2369 1073 2399 adiutor
1094 2368 1233 2399 Vrsinus
1374 2377 1416 2406 30
1441 2373 1474 2399 et
1492 2369 1602 2410 pacis]

277 2417 310 2442 ut
329 2413 421 2451 pacis
439 2412 514 2443 coni.
534 2411 675 2442 Miillcr:
711 2423 730 2442 c
748 2412 864 2452 paucis
881 2412 1005 2442 Bosms
1094 2412 1146 2452 et]
1164 2416 1197 2442 et
1214 2411 1254 2442 ad
1271 2411 1392 2441 Rosius

1631 657 1647 687 5

1634 981 1668 1002 10

1633 1306 1665 1337 ¹5

1629 1635 1666 1656 20

1625 2282 1664 2312 30
