1827 2798
137 533 154 564 5

118 859 155 880 10

112 1509 152 1530 20

108 2217 148 2248 30

544 155 548 159 “
586 152 698 190 ΕΡΡ,
732 153 809 189 ΑΙ)
840 151 1099 190 ATTICVM
1411 152 1520 188 XIV.
1545 150 1652 188 xviii

177 276 265 301 aere
284 262 414 301 alieno
436 262 573 302 Faberi
604 276 724 301 manu
754 262 923 300 liberarit
953 270 989 300 ct
1017 274 1133 312 opem
1161 261 1211 299 ab
1232 261 1320 311 Ope
1340 260 1503 311 petierit.

179 327 288 366 Licet
308 327 414 366 enim
436 327 564 374 iocari,
588 342 638 366 ne
666 341 728 365 me
749 328 862 365 valde
889 327 1165 365 conturbatum
1191 334 1314 376 puteS.
1373 328 1506 375 Atque

176 405 249 442 ego
275 394 326 431 ad
353 407 444 431 eum
465 405 539 430 V111
566 394 661 431 Idus
692 393 836 430 litteras
867 393 1053 430 dederam
1082 392 1184 431 bene
1214 405 1339 437 mane,
1363 392 1504 429 eodem

175 465 306 496 autem
339 458 402 496 die
435 466 520 496 tuas
559 458 703 496 litteras
735 458 885 508 vesperi
923 471 1150 506 acceperam
1190 456 1229 494 in
1262 456 1505 506 Pompeiano

176 536 269 560 sane
298 523 473 561 celeriter
502 523 615 561 tertio
644 524 714 561 abs
745 531 782 561 te
812 523 884 561 die.
947 525 1034 568 Sed,
1058 530 1099 559 ut
1125 523 1176 560 ad
1204 529 1241 560 te
1268 535 1315 559 eo
1336 522 1421 571 ipso
1441 521 1505 559 die

175 587 414 637 scripseram,
456 588 547 625 satis
589 590 785 626 aculeatas
823 590 874 626 ad
916 588 1163 625 Dolabellam
1202 587 1345 625 litteras
1384 586 1506 633 dedi3

174 665 274 701 quae
302 652 332 690 si
362 653 459 690 nihil
483 653 731 703 profecerint,
756 661 851 703 puto
879 654 960 690 fore
990 660 1031 690 ut
1058 666 1120 690 me
1150 659 1395 702 praesentem
1422 665 1503 689 non

174 717 372 756 sustineat.

228 782 442 820 Albianum
463 790 501 820 te
521 783 738 821 confecisse
757 783 931 820 arbitror.
993 784 1053 820 De
1075 781 1303 819 Patulciano
1326 780 1498 826 nomine,
1520 792 1545 819 2

174 846 281 894 quod
320 846 416 883 mihi
450 847 751 897 ”rsuspendiatus
789 851 881 892 est†‚
915 846 1175 895 gratissimum
1209 854 1266 884 est
1301 854 1338 884 et
1377 845 1502 883 simile

174 918 329 948 tuorum
368 911 557 950 omnium.
633 913 710 950 Sed
749 926 821 961 ego
862 914 1020 949 Erotem
1059 912 1109 948 ad
1149 910 1221 948 ista
1259 910 1503 960 expedienda

172 977 318 1013 factum
340 976 436 1013 mihi
456 976 618 1014 videbar
637 976 837 1025 reliquisse
856 990 862 1019 ;
890 975 1000 1013 cuius
1021 988 1102 1012 non
1122 975 1206 1012 sine
1227 989 1368 1024 magna
1387 977 1503 1024 culpa

172 1040 410 1077 vacillarunt.
471 1042 548 1079 Sed
569 1054 660 1078 cum
681 1040 766 1090 ipso
787 1040 931 1077 videro.

227 1106 289 1142 De
322 1106 529 1151 Montano,
565 1112 608 1142 'it
641 1118 758 1154 saepe
790 1105 841 1141 ad
875 1111 912 1141 te
946 1102 1092 1152 scripsi,
1126 1103 1197 1141 erit
1227 1103 1298 1141 tibi
1329 1112 1411 1141 tota
1442 1118 1500 1141 res
1521 1113 1544 1149 3

171 1183 298 1207 curae.
348 1169 502 1207 Servius
522 1169 774 1218 proficiscens
795 1169 904 1217 quod
924 1170 1175 1217 desperanter
1195 1176 1326 1206 tecum
1347 1171 1500 1206 locutus

171 1241 229 1272 est
254 1233 416 1271 minime
442 1233 560 1271 miror
588 1247 718 1283 neque
746 1232 783 1271 ei
812 1232 1023 1282 quicquam
1051 1232 1091 1270 in
1117 1233 1390 1283 desperatione
1411 1248 1501 1271 con-

171 1299 282 1336 cedo.
342 1300 485 1336 Brutus
514 1306 656 1344 noster,
679 1297 881 1348 singularis
908 1297 973 1343 vir⁷
1004 1297 1035 1335 si
1062 1297 1101 1335 in
1128 1306 1307 1336 senatum
1332 1312 1413 1336 non
1443 1307 1499 1336 est
1518 1309 1545 1345 4

174 1365 260 1401 Kal.
285 1363 409 1401 Iuniis
429 1370 624 1409 venturus,
648 1363 745 1413 quid
768 1365 938 1401 facturus
966 1363 1013 1400 sit
1040 1363 1080 1400 in
1107 1364 1191 1401 foro
1218 1363 1362 1402 nescio.
1422 1365 1499 1402 Sed

170 1429 248 1465 hoc
267 1427 350 1477 ipse
371 1427 521 1466 melius.
582 1430 667 1477 Ego
686 1441 733 1465 ex
753 1427 797 1465 iis
819 1441 919 1477 quae
946 1427 1070 1477 parari
1090 1427 1206 1465 video
1230 1442 1311 1465 non
1332 1430 1497 1466 multum

171 1492 310 1530 Idibus
332 1492 483 1530 Martiis
504 1494 724 1542 profectum
745 1492 888 1530 iudico.
940 1493 1078 1541 Itaque
1099 1494 1148 1530 de
1171 1493 1334 1530 Graecia
1354 1493 1499 1531 cotidie

169 1556 291 1606 magis
321 1564 359 1594 et
389 1557 510 1606 magis
539 1557 680 1607 cogito.
740 1558 825 1594 Nec
851 1556 955 1594 enirn
978 1558 1099 1594 Bruto
1129 1571 1218 1595 meo
1245 1558 1433 1604 exsilium,
1458 1566 1499 1596 ut

169 1621 301 1660 scribit
317 1621 410 1671 ipse,
430 1621 635 1659 meditanti
651 1622 767 1660 video
781 1622 876 1671 quid
892 1623 1078 1670 prodesse
1095 1622 1252 1671 possim.
1297 1623 1499 1661 Leonidae

169 1700 232 1725 me
252 1686 401 1724 litterae
421 1701 503 1725 non
524 1687 614 1725 satis
635 1689 889 1725 delectarunt.
933 1689 993 1725 De
1012 1688 1174 1725 Herode
1196 1687 1265 1725 tibi
1286 1688 1495 1726 adsentior.

170 1751 300 1790 Saufei
337 1752 475 1802 legisse
508 1754 660 1791 vellem.
721 1755 805 1802 Ego
837 1766 882 1790 ex
917 1752 1160 1802 Pompeiano
1195 1765 1234 1790 vx
1270 1754 1364 1791 Idus
1401 1753 1494 1791 Mai.

169 1816 402 1866 cogitabam.

211 1924 323 1958 XIX
445 1927 513 1959 Ser.
534 1928 567 1959 in
585 1929 787 1969 Pompeiano
809 1929 927 1960 viiiId.
948 1929 1029 1960 Mai.
1051 1941 1106 1968 710
1126 1931 1210 1970 (44).

572 2007 746 2036 CICERO
778 2006 951 2037 ATTICO
984 2006 1090 2038 SAL.

220 2076 346 2113 Nonis
369 2076 485 2114 Maiis
506 2091 596 2114 cum
617 2092 743 2115 essem
767 2077 806 2115 in
829 2078 1082 2127 Pompeiano,
1106 2078 1239 2128 accepi
1267 2078 1378 2116 binas
1405 2093 1427 2116 a
1453 2087 1490 2118 te
1510 2092 1526 2118 1

165 2139 320 2187 litteras,
356 2143 494 2179 alteras
533 2150 641 2180 sexto
676 2142 749 2188 die,
786 2144 923 2180 alteras
959 2151 1106 2192 quarto.
1177 2145 1241 2181 Ad
1275 2145 1491 2193 superiores

166 2203 279 2253 igitur
313 2205 427 2254 prius.
500 2208 629 2254 Quam
666 2206 761 2243 mihi
795 2206 1012 2244 iucundum
1047 2216 1267 2257 opportune
1299 2209 1369 2246 tibi
1404 2212 1492 2246 Bar-

212 2320 223 2339 1
254 2310 328 2348 Ope
354 2310 469 2340 Cobet:
495 2322 533 2340 co
557 2311 642 2342 codd.
738 2321 775 2340 10
800 2312 1011 2350 suppetiatus
1042 2322 1078 2341 es
1105 2311 1376 2352 illontagnanus:
1413 2325 1492 2353 sup-

165 2353 359 2393 peditavisti
392 2354 468 2384 coni.
507 2353 711 2394 lVescnbetg:
737 2355 1006 2385 succenturiatus
1032 2366 1068 2385 es
1093 2356 1232 2385 lllz'iller:
1260 2361 1292 2386 tu
1320 2358 1491 2396 dispensa-

164 2396 344 2470 ViSt'L'chlosl
475 2407 509 2427 11
538 2397 674 2428 Erotem
694 2398 743 2428 C:
767 2409 916 2428 errorem
935 2398 975 2427 M
1104 2410 1144 2429 22
1169 2400 1282 2430 scribit
1302 2400 1467 2432 Corradus
1484 2413 1491 2432 ε

165 2450 229 2470 scri
256 2450 283 2470 1s

1343 2487 1406 2518 33*
