1827 2798
146 136 256 174 XIV.
276 137 353 173 xix
668 134 723 171 M.
756 133 922 170 TVLLI
956 131 1263 171 CICERONIS

292 260 435 285 naeum
464 245 610 284 litteras
640 243 881 282 reddidisse!
939 244 1002 280 Tu
1024 256 1115 281 vero
1136 256 1226 281 cum
1249 242 1387 282 Cassio
1414 251 1455 282 ut
1486 251 1625 282 cetera.

292 314 424 361 Quam
456 310 668 348 commode
702 316 834 347 autem
870 309 978 358 quod
1011 308 1051 346 id
1086 308 1215 358 ipsum
1251 310 1359 358 quod
1392 323 1454 348 me
1491 322 1629 347 mones

291 375 513 425 quadriduo
537 382 628 412 ante
654 375 705 412 ad
735 387 825 412 eum
856 373 1085 423 scripseram
1117 375 1422 424 exemplumque
1453 388 1628 413 mearum

291 441 505 478 litterarum
529 441 580 478 ad
605 447 642 477 te
671 440 850 477 miseram
872 442 878 476 Ι
937 439 1015 477 Sed
1036 452 1127 476 cum
1149 452 1195 477 ex
1218 439 1450 478 Dolabellae
1471 439 1629 479 †aritia†

291 505 364 556 (sic
385 505 490 544 enim
512 513 553 543 tu
574 506 625 543 ad
650 518 713 542 me
741 504 966 555 scripseras)
987 518 1129 554 magna
1156 504 1430 554 desperatione
1449 506 1627 543 adfectus
1649 520 1666 551 5

290 585 433 619 essem,
463 584 556 609 ecce
594 569 665 608 tibi
700 577 738 608 et
773 569 883 607 Bruti
916 578 953 607 et
985 577 1076 608 tuae
1108 569 1285 608 litterae!
1344 571 1416 608 Ille
1450 569 1628 608 exsilium

292 635 483 674 meditari.
543 637 628 673 Nos
655 642 785 672 autem
814 634 934 672 alium
965 642 1121 684 portum
1150 634 1374 684 propiorem
1399 634 1490 673 huic
1510 634 1628 673 aetati

290 701 549 748 videbamus3
597 699 637 737 in
676 713 794 749 quem
839 701 995 737 mallem
1041 699 1227 748 equidem
1267 699 1425 748 pervehi
1464 701 1628 737 florente

292 768 414 804 Bruto
444 773 578 804 nostro
609 764 901 814 constitutaque
928 778 968 802 re
993 764 1162 814 publica.
1222 766 1300 803 Sed
1325 778 1431 802 nunc
1452 764 1625 814 quidem,

290 839 332 869 ut
367 830 514 878 scribis,
548 844 630 869 non
665 829 866 868 utrumvis.
926 829 1147 867 Adsentiris
1179 829 1285 867 enim
1317 829 1414 867 mihi
1453 838 1626 868 nostram
1651 845 1689 867 10

289 905 459 935 aetatem
480 910 502 934 a
523 895 667 941 castris,
692 894 917 945 praesertim
940 894 1129 941 civilibus,
1153 895 1373 933 abhorrere.

247 971 271 997 2
344 960 542 999 Antonius
569 961 620 998 ad
649 974 711 998 me
739 968 892 998 tantum
914 961 963 997 de
985 959 1130 998 Clodio
1156 959 1362 1009 rescripsit,
1386 973 1514 997 meam
1536 960 1628 998 leni-

291 1034 410 1064 tatem
439 1034 476 1064 et
504 1024 754 1064 clementiam
782 1032 820 1063 et
850 1023 923 1062 sibi
954 1038 1038 1062 esse
1067 1034 1215 1074 gratam
1243 1033 1280 1062 et
1311 1025 1406 1062 mihi
1437 1024 1626 1074 voluptati

291 1105 456 1141 magnae
485 1092 577 1129 fore.
638 1091 715 1128 Sed
738 1092 865 1128 Pansa
888 1091 1013 1127 furere
1034 1089 1187 1127 videtur
1213 1091 1262 1127 de
1284 1090 1428 1129 Clodio
1452 1089 1627 1139 itemque

291 1157 340 1195 de
356 1156 544 1194 Deiotaro
565 1163 602 1194 et
623 1155 795 1205 loquitur
815 1168 958 1202 severe,
982 1154 1012 1192 si
1034 1154 1127 1193 velis
1149 1157 1316 1193 credere.
1366 1157 1470 1193 Illud
1493 1164 1624 1194 tamen
1649 1169 1684 1201 15

290 1235 371 1260 non
396 1222 508 1268 belle,
532 1229 574 1259 ut
602 1220 697 1258 mihi
720 1220 881 1270 quidem
902 1220 1065 1267 videtur,
1089 1221 1196 1269 quod
1224 1222 1370 1258 factum
1394 1221 1625 1259 Dolabellae

247 1297 270 1334 3
291 1287 543 1324 vehementer
563 1285 770 1335 improbat.
828 1287 888 1323 De
910 1284 1119 1332 coronatis,
1141 1298 1231 1322 cum
1253 1285 1393 1323 sororis
1414 1293 1503 1323 tuae
1524 1285 1626 1323 filius

288 1365 311 1389 a
349 1359 458 1401 patre
496 1358 702 1389 accusatus
741 1358 853 1397 esset,
895 1349 1091 1399 rescripsit
1129 1363 1170 1387 se
1203 1363 1402 1388 coronam
1442 1350 1626 1389 habuisse

290 1415 450 1454 honoris
472 1415 649 1454 Caesaris
671 1428 797 1462 causa,
822 1414 1000 1464 posuisse
1026 1416 1153 1452 luctus
1182 1414 1303 1464 gratia
1321 1429 1330 1461 ,-
1364 1422 1564 1464 postremo
1584 1429 1625 1454 se

289 1481 457 1519 libenter
476 1479 804 1530 vituperationem
832 1479 962 1518 subire
983 1480 1091 1530 quod
1117 1487 1266 1518 amaret
1286 1479 1403 1518 etiam
1426 1488 1624 1519 mortuum
1647 1494 1687 1516 20

292 1548 513 1585 Caesarem.

245 1618 272 1656 4
345 1612 411 1649 Ad
452 1611 713 1657 Dolabellam,
755 1624 873 1660 quem
918 1611 969 1648 ad
1008 1611 1173 1649 modum
1214 1609 1284 1649 tibi
1322 1610 1421 1649 dicis
1459 1613 1626 1662 placere,

291 1675 425 1726 scripsi
456 1675 672 1725 diligenter.
733 1676 818 1724 Ego
848 1674 965 1713 etiam
996 1676 1047 1713 ad
1077 1675 1257 1723 Siccam3
1292 1675 1363 1713 tibi
1393 1677 1469 1714 hoc
1499 1676 1627 1715 oneris

292 1757 372 1782 non
389 1743 563 1793 impono.
607 1744 714 1781 Nolo
735 1750 772 1780 te
794 1742 903 1779 illum
925 1742 1064 1779 iratum
1086 1742 1242 1780 habere.
1286 1742 1392 1780 Servi
1410 1743 1625 1781 orationem

291 1822 517 1858 cognosco;
557 1808 597 1845 in
633 1822 710 1857 qua
741 1809 828 1857 plus
863 1807 1012 1845 timoris
1045 1807 1161 1845 video
1191 1821 1309 1857 quam
1340 1807 1489 1846 consili.
1549 1809 1627 1846 Sed
1650 1820 1686 1852 25

291 1873 479 1924 quoniam
509 1872 699 1923 perterriti
729 1886 867 1910 omnes
898 1886 1044 1919 sumus,
1071 1872 1270 1910 adsentior
1295 1872 1439 1911 Servio.
1499 1873 1627 1911 Publi-

290 1939 364 1977 lius
392 1947 522 1977 tecum
554 1937 712 1976 tricatus
743 1946 811 1975 est.
874 1939 968 1975 Huc
996 1936 1101 1975 enim
1124 1936 1314 1976 Caerellia
1336 1937 1455 1974 missa
1474 1937 1525 1975 ab
1546 1937 1628 1975 istis

291 2012 348 2043 est
365 2006 490 2054 legata
510 2004 561 2041 ad
583 2017 645 2041 me
654 2018 662 2051 ;
694 2003 758 2041 cui
779 2002 891 2041 facile
912 2001 1083 2053 persuasi
1106 2001 1201 2039 mihi
1223 2002 1262 2040 id
1279 2003 1387 2051 quod
1408 2009 1558 2052 rogaret
1579 2016 1629 2040 ne

292 2069 407 2107 licere
432 2068 605 2117 quidem,
630 2082 711 2105 non
737 2069 858 2106 modo
880 2081 960 2105 non
980 2067 1126 2105 lubere.
1186 2066 1407 2105 Antonium
1428 2066 1459 2104 si
1480 2066 1625 2113 videro,

291 2142 471 2172 accurate
492 2147 605 2183 agam
628 2135 677 2171 de
700 2134 904 2170 Buthroto.
1649 2140 1690 2172 30

251 2208 275 2246 5
347 2198 476 2236 Venio
503 2200 553 2236 ad
581 2197 816 2236 recentiores
846 2197 1016 2244 litteras;
1055 2210 1296 2246 quamquam
1325 2197 1375 2235 de
1395 2195 1530 2235 Servio
1551 2195 1627 2233 iam

293 2263 481 2314 rescripsi.
544 2265 636 2301 ‘Me
670 2264 796 2301 facere
836 2275 1019 2312 magnam
1049 2264 1182 2312 πρᾶξιν
1213 2262 1467 2300 Dolabellae.’
1526 2261 1628 2299 Mihi

338 2379 356 2407 4
382 2378 426 2397 ex
443 2378 469 2397 v.
482 2379 504 2398 c.
526 2365 554 2396 L
574 2367 715 2407 (margi
741 2366 829 2397 Crat.
848 2378 854 2398 z
880 2377 944 2398 om.
964 2370 1018 2397 ΣΔ
1148 2366 1245 2398 aritia
1259 2364 1351 2398 codd.
1369 2376 1389 2397 v
1403 2377 1441 2404 c.,
1457 2367 1526 2396 sine
1541 2375 1629 2395 cruce

295 2411 437 2486 ghimel-{1
435 2410 583 2486 tMr'iller:
617 2410 756 2441 avaritia
782 2410 871 2448 Vict.‚
898 2411 933 2451 cfl
958 2412 1006 2441 18.
1031 2420 1070 2441 1:
1098 2409 1206 2451 ἀτισίᾳ
1233 2408 1377 2442 Bosius:
1408 2408 1551 2450 ἀριστείᾳ
1569 2409 1623 2440 Fr.

326 2468 337 2485 ι
352 2466 409 2486 mn
