1827 2798
84 839 121 860 10

80 1493 117 1515 20

77 2139 117 2170 30

548 133 660 170 ΕΡΡ.
692 133 769 170 AD
800 132 1057 171 ATTICVM
1363 132 1472 170 XIV.
1492 133 1583 169 xvii

144 241 238 279 mihi
259 242 415 280 cenanti
437 242 585 281 litterae
607 252 696 281 tuae
717 251 806 281 sunt
831 243 1006 281 redditae
1028 256 1123 292 quas
1145 243 1308 281 dederas
1332 244 1472 280 Deme-

143 307 214 345 trio
240 307 379 345 liberto
406 321 460 357 pr.
486 309 600 355 Kal.;
634 308 674 345 in
703 308 846 358 quibus
874 309 996 346 multa
1023 307 1227 358 sapienter,
1251 309 1319 346 sed
1341 315 1471 346 tamen

142 372 244 419 talia,
266 386 383 421 quem
405 373 454 410 ad
477 374 639 410 modum
662 382 743 411 tute
765 373 975 420 scribebas,
996 382 1037 411 ut
1065 387 1182 411 omne
1203 373 1410 411 eonsilium
1432 373 1471 410 in

142 438 296 474 fortuna
316 437 488 487 positum
510 437 715 475 videretur.
776 439 915 487 Itaque
942 437 1002 475 his
1023 439 1072 476 de
1094 438 1209 476 rebus
1230 452 1275 476 ex
1296 446 1472 488 tempore

141 509 179 539 et
199 515 342 539 coram.
403 503 465 539 De
487 502 695 541 Buthrotio
715 502 873 552 negotio
898 502 1047 540 utinam
1070 502 1229 552 quidem
1251 503 1469 541 Antonium
1490 515 1514 541 2

141 566 400 605 conveniam!
460 568 632 604 Multum
671 569 847 617 profecto
878 567 1091 616 proficiam.
1152 569 1229 605 Sed
1263 582 1343 605 non
1375 568 1473 605 arbi-

141 640 288 669 trantur
315 645 404 669 eum
426 645 448 668 a
469 633 607 680 Capua
633 631 943 678 declinaturu1n3
978 645 1057 681 quo
1079 632 1239 681 quidem
1267 640 1401 670 metuo
1423 647 1472 671 ne

141 709 283 746 magno
313 695 366 734 rei
397 696 578 745 publicae
608 697 712 734 malo
742 696 899 734 venerit.
960 697 1080 744 Quod
1111 696 1216 734 idern
1247 698 1289 734 L.
1315 697 1471 736 Caesari

140 760 346 798 videbatur
375 774 493 810 quem
524 761 647 810 pridie
674 760 841 810 Neapoli
870 761 1070 798 adfectum
1097 761 1262 811 graviter
1284 761 1469 800 videram.

142 827 272 874 Quam
295 826 346 864 ob
374 839 454 863 rein
482 826 554 863 ista
584 826 697 863 nobis
724 827 773 863 ad
798 827 884 863 Kal.
910 825 1043 863 Iunias
1070 828 1272 865 tractanda
1299 835 1335 865 et
1363 828 1472 877 perfi-

140 890 281 928 cienda
301 899 401 928 sunt.
461 892 538 929 Sed
560 892 759 929 hactenus.

194 956 366 1003 Quintus
393 957 492 993 filius
522 957 571 993 ad
593 964 741 1006 patrem
767 955 1037 994 acerbissimas
1060 955 1204 994 litteras
1235 956 1339 994 misit
1369 971 1469 1006 quae
1489 967 1512 1004 3

139 1029 229 1058 sunt
251 1020 285 1058 ei
305 1021 480 1059 redditae
500 1035 590 1058 curn
612 1021 853 1059 venissemus
874 1020 914 1058 in
936 1021 1234 1071 Pompeianum.
1292 1024 1469 1070 Quarum

139 1094 271 1124 tamen
310 1094 389 1124 erat
428 1094 545 1135 eaput
576 1085 775 1135 Aquiliam
811 1099 1019 1123 novercam
1055 1099 1136 1123 non
1170 1100 1255 1124 esse
1289 1088 1468 1125 laturum.

139 1151 216 1189 Sed
238 1152 313 1189 hoc
334 1151 534 1189 tolerabile
556 1152 726 1197 fortasse,
751 1150 846 1188 illud
867 1164 968 1197 vero,
993 1164 1034 1188 se
1054 1164 1076 1188 a
1098 1152 1265 1190 Caesare
1286 1152 1471 1191 habuisse

137 1216 280 1262 onmia,
304 1216 401 1253 nihil
429 1229 452 1253 a
480 1224 599 1265 patre,
627 1215 775 1265 reliqua
804 1229 957 1265 sperare
987 1216 1037 1254 ab
1058 1216 1317 1254 Antonio-o
1346 1217 1470 1267 perdi-

137 1290 219 1319 tum
242 1281 444 1319 hominem
462 1284 467 1318 ἔ
526 1282 604 1319 Sed
623 1282 791 1331 μελήσει.

193 1348 257 1384 Ad
280 1349 444 1384 Brutum
465 1355 653 1393 nostruin,
669 1348 719 1385 ad
734 1346 926 1394 Cassium,
945 1347 995 1385 ad
1014 1347 1262 1385 Dolabellam
1285 1346 1469 1397 epistulas
1488 1358 1513 1394 4

137 1411 282 1462 scripsi.
342 1414 486 1449 Earum
516 1414 694 1462 exempla
721 1412 791 1450 tibi
818 1412 916 1459 misi,
940 1426 1020 1450 non
1048 1420 1089 1450 ut
1110 1411 1366 1450 deliberarem
1388 1415 1470 1451 red-

136 1478 344 1516 dendaene
364 1486 504 1516 essent.
564 1480 686 1516 Plane
708 1478 812 1516 enirn
840 1477 972 1516 iudico
997 1491 1082 1516 esse
1104 1479 1337 1525 reddendas,
1361 1479 1469 1528 quod

137 1556 218 1580 non
239 1542 378 1580 dubito
399 1542 493 1592 quin
515 1550 556 1580 tu
578 1543 682 1581 idem
705 1542 991 1581 existimaturus
1013 1542 1074 1581 sis.

190 1607 373 1646 Ciceroni
400 1621 500 1653 meo,
524 1607 577 1645 mi
599 1607 739 1654 Attice,
763 1607 1032 1658 suppeditabis
1061 1615 1252 1657 quantum
1273 1607 1469 1646 videbitur
1486 1621 1512 1660 5

137 1686 279 1722 meque
300 1673 375 1709 hoc
396 1672 467 1710 tibi
491 1685 591 1710 onus
615 1671 818 1722 imponere
842 1671 998 1722 patiere.
1059 1673 1172 1720 Quae
1192 1673 1323 1710 adhuc
1344 1672 1467 1710 fecisti

137 1736 232 1774 mihi
261 1746 351 1775 sunt
379 1736 606 1786 gratissima.
667 1737 829 1775 Librum
861 1751 992 1775 meum
1024 1737 1131 1775 illum
1161 1738 1354 1776 ἀνέκδοτοι»
1374 1752 1468 1776 non·
1487 1739 1515 1777 6

80 1817 94 1829 0
137 1803 242 1848 dum,
266 1802 442 1848 ut,volui,
467 1801 656 1852 perpolivi
671 1817 680 1851 3
714 1802 787 1840 ista
807 1816 898 1841 vero
919 1816 1019 1852 quae
1040 1811 1081 1840 tu
1102 1802 1258 1841 contexi
1278 1803 1334 1840 vis
1361 1803 1467 1841 aliud

137 1868 338 1916 quoddam
384 1875 605 1917 separatum
646 1869 831 1906 volumen
879 1875 1117 1916 exspectant.
1189 1869 1274 1917 Ego
1321 1875 1464 1914 autem,

136 1933 271 1969 credas
304 1932 399 1969 mihi
430 1932 556 1980 velim,
595 1933 745 1971 minore
783 1932 957 1983 periculo
997 1932 1176 1971 existimo
1215 1940 1350 1971 contra
1384 1932 1467 1970 illas

137 1996 300 2034 nefarias
338 1997 457 2047 partis
492 1997 579 2036 vivo
618 2006 781 2047 tyranno
821 1997 898 2036 dici
934 1997 1107 2048 potuisse
1140 2011 1257 2047 quarn
1297 2005 1463 2034 mortuo.
1485 2034 1498 2047 .-

139 2061 209 2098 Ille
234 2060 338 2098 enim
366 2061 499 2099 nescio
520 2076 599 2112 quo
626 2070 742 2112 pacto
769 2063 916 2100 ferebat
945 2076 1007 2100 me
1028 2062 1187 2112 quidem
1217 2060 1465 2108 mirabiliter;

136 2139 242 2163 nunc
267 2139 516 2176 quacumque
543 2140 615 2165 nos
640 2127 938 2174 commovimus,
961 2128 1012 2165 ad
1034 2126 1211 2166 Caesaris
1238 2139 1319 2163 non
1343 2127 1465 2164 modo

182 2239 215 2259 11
243 2230 326 2259 haec
344 2233 418 2259 ante
434 2230 596 2260 hactenus
615 2230 690 2261 add.
713 2230 814 2260 Orelli
962 2241 998 2268 14
1025 2241 1062 2261 se
1074 2234 1150 2271 post
1165 2241 1242 2261 esse
1260 2229 1335 2260 add.
1355 2229 1468 2260 Baiter

136 2283 178 2303 20
201 2278 316 2302 essent
335 2273 451 2313 (plane
471 2297 478 2304 .
499 2296 507 2304 .
529 2298 536 2304 .
554 2274 760 2311 reddendas]
780 2275 839 2304 sed
857 2275 946 2312 quod
964 2275 1051 2314 vulg.
1071 2286 1078 2305 :
1102 2275 1161 2305 sed
1180 2285 1244 2305 om.
1264 2273 1305 2303 M
1422 2283 1464 2311 25

136 2321 171 2346 ut
188 2326 242 2346 om
262 2315 314 2345 Ml
469 2317 604 2347 contexi
629 2318 680 2348 vis
709 2317 756 2348 C:
791 2317 975 2348 convexius
990 2317 1031 2348 M
1195 2328 1235 2357 27
1262 2317 1377 2348 credas
1394 2320 1463 2349 vett.

136 2361 260 2399 predas
275 2358 328 2389 M]
344 2370 351 2390 z
378 2360 505 2399 prodas
520 2360 574 2391 M*
