1827 2798
228 115 313 153 XV.
332 115 395 153 vii
689 117 745 153 M.
777 116 946 152 TVLLI
977 114 1285 153 CICERONIS

319 234 410 266 ante
427 240 545 277 quam
566 228 616 265 ad
638 239 728 264 eum
745 227 876 264 locum
893 225 993 272 veni,
1010 227 1122 264 valde
1144 225 1240 263 mihi
1261 226 1441 276 placebat
1457 239 1547 264 cum
1569 240 1653 265 sen-

320 306 384 330 sus
412 292 494 330 eius
521 292 572 329 de
601 304 641 329 re
665 291 824 340 publica
845 295 960 330 †cum
988 295 1097 330 tum†
1118 290 1325 329 scribendi.
1385 290 1540 329 Servius
1560 305 1652 330 vero

320 356 546 406 pacificator
573 369 663 393 cum
694 354 890 393 librariolo
918 368 990 393 suo
1019 355 1174 393 videtur
1199 355 1330 394 obisse
1356 355 1592 405 legationem
1614 364 1652 394 et

321 420 449 458 omnis
470 420 741 470 captiunculas
762 420 1047 469 pertimescere.
1110 420 1310 458 Debuerat
1331 428 1462 458 autem
1484 435 1564 459 non
1585 424 1653 459 ‘ex

321 485 402 523 iure
420 498 581 523 manum
602 491 827 523 consertum
841 486 849 502 '
869 486 939 523 sed
961 499 1062 535 quae
1083 492 1324 534 sequuntur3
1350 492 1472 535 tuque
1492 485 1648 524 scribes.
1672 498 1690 529 5

366 589 483 625 VIII
594 593 663 624 διν.
684 594 716 623 in
739 591 923 623 Tusculano
935 593 1019 633 prid.
1040 593 1084 624 K.
1103 593 1179 624 Iun.
1198 603 1228 624 a.
1252 603 1308 632 710
1322 593 1410 634 (44).

728 669 897 701 CICERO
927 669 1108 700 ATTICO
1139 669 1245 701 SAL.

282 754 299 780 1
373 744 467 781 Post
488 750 599 781 tuum
621 742 838 781 discessum
867 742 979 780 binas
1004 756 1028 780 a
1056 743 1182 781 Balbo
1204 742 1317 793 (nihil
1346 741 1454 793 novi)
1476 741 1651 792 itemque

316 807 367 845 ab
390 807 532 856 Hirtio,
553 808 619 858 qui
641 822 682 847 se
702 808 835 846 scribit
852 809 1106 847 vehementer
1122 809 1317 846 offensum
1338 821 1423 846 esse
1442 807 1646 846 veteranis.

319 874 530 923 Exspectat
567 873 722 912 animus
762 873 954 923 quidnam
992 887 1105 924 agam
1145 875 1195 912 de
1237 875 1286 911 K.
1329 871 1493 925 [Mart.].
1556 872 1648 910 Misi
1672 889 1710 910 10

317 936 432 987 igitur
469 938 658 977 Tironem
691 946 728 977 et
764 953 854 977 curn
890 939 1037 977 Tirone
1072 938 1192 988 pluris
1225 938 1368 988 quibus
1403 938 1575 988 singulis,
1607 945 1649 976 ut

316 1002 492 1053 quidque
525 1004 743 1051 accidisset,
776 1006 888 1042 dares
928 1004 1083 1051 litteras,
1115 1012 1235 1054 atque
1273 1004 1390 1042 etiam
1430 1003 1565 1053 scripsi
1598 1005 1650 1042 ad

315 1068 535 1106 Antonium
566 1070 616 1107 de
645 1069 851 1119 legatione,
884 1084 944 1116 ne,
981 1069 1012 1107 si
1041 1071 1092 1108 ad
1124 1070 1374 1108 Dolabellam
1404 1070 1533 1107 solum
1562 1068 1650 1107 scri-

316 1132 492 1181 psissem,
509 1133 719 1172 iracundus
737 1136 858 1172 homo
875 1142 1199 1172 commoveretur.
1237 1135 1358 1183 Quod
1372 1141 1505 1172 autem
1519 1133 1648 1171 aditus

315 1198 366 1236 ad
387 1211 477 1236 eum
499 1198 693 1237 difficilior
714 1212 798 1237 esse
820 1199 976 1247 dicitur,
992 1199 1127 1250 scripsi
1147 1200 1198 1237 ad
1221 1200 1476 1249 Eutrapelum
1498 1206 1540 1236 ut
1561 1198 1591 1236 is
1613 1197 1647 1236 ei
1673 1214 1706 1245 15

315 1276 423 1301 meas
444 1263 589 1301 litteras
606 1265 787 1302 redderet
803 1279 811 1311 3
842 1264 1036 1314 legatione
1053 1264 1149 1302 mihi
1170 1278 1269 1314 opus
1291 1277 1386 1303 esse.
1430 1263 1649 1302 Honestior

314 1335 373 1366 est
393 1328 533 1375 votiva,
558 1330 627 1367 sed
648 1328 739 1367 licet
760 1329 815 1367 uti
837 1337 1011 1379 utraque.

272 1407 297 1434 2
371 1394 433 1431 De
468 1400 516 1439 te,
545 1406 704 1442 quaem,
742 1393 861 1431 etiam
894 1402 1012 1444 atque
1047 1394 1164 1433 etiam
1196 1394 1296 1433 vide.
1356 1393 1486 1432 Velim
1520 1394 1647 1444 possis

315 1471 447 1496 coram
462 1472 472 1505 3
502 1457 533 1495 si
555 1457 685 1496 minus
708 1456 881 1511 [possis],
904 1459 1039 1497 litteris
1060 1459 1166 1498 idem
1188 1472 1488 1509 consequemur.
1531 1460 1647 1497 Grae-

314 1522 420 1561 ceius
440 1524 491 1561 ad
513 1536 576 1561 me
597 1522 750 1573 scripsit
767 1524 810 1563 C.
829 1524 1010 1563 Cassium
1031 1524 1104 1562 sibi
1121 1524 1320 1574 scripsisse
1341 1524 1522 1562 homines
1543 1538 1646 1562 com-
1667 1537 1707 1558 20

314 1587 438 1639 parari
468 1587 535 1638 qui
564 1587 703 1626 armati
724 1587 764 1626 in
785 1590 1056 1627 Tusculanum
1077 1588 1331 1627 mitterentur.
1391 1590 1466 1629 †1d
1483 1588 1646 1638 quidem

313 1652 410 1691 mihi
430 1652 660 1692 videbaturi
676 1667 686 1700 3
716 1654 787 1691 sed
817 1655 1038 1692 cavendum
1058 1661 1191 1692 tamen
1216 1658 1282 1693 †ut
1302 1653 1366 1692 ille
1393 1657 1494 1703 que†
1515 1655 1645 1704 plures

312 1718 517 1757 videndae.
579 1719 657 1757 Sed
685 1718 835 1769 aliquid
856 1719 1046 1757 crastinus
1067 1719 1151 1758 dies
1171 1720 1222 1758 ad
1243 1718 1498 1770 cogitandum
1528 1719 1644 1758 nobis

312 1785 464 1824 †dare†.

353 1881 421 1916 IX
554 1884 624 1917 Ser.
645 1885 678 1916 in
701 1885 887 1917 Tusculano
904 1887 936 1916 iv
950 1885 1037 1916 Non.
1057 1885 1133 1916 Iun.
1154 1897 1182 1917 a.
1205 1896 1262 1925 710
1281 1885 1368 1927 (44).
1664 1895 1701 1929 25
1816 1909 1820 1949 Ι

719 1945 890 1976 CICERO
919 1943 1104 1977 ATTICO
1130 1944 1237 1976 SAL.

272 2016 289 2043 1
364 2019 427 2044 1111
450 2007 555 2044 Non.
574 2005 726 2057 vesperi
745 2020 768 2044 a
789 2006 915 2044 Balbo
935 2007 1111 2044 redditae
1127 2005 1224 2043 mihi
1243 2005 1394 2044 litterae
1414 2007 1495 2045 fore
1511 2006 1641 2045 Nonis

309 2078 499 2118 senatum,
532 2079 575 2110 ut
608 2073 750 2109 Brutus
779 2070 818 2108 in
846 2070 951 2117 Asia,
982 2070 1141 2110 Cassius
1168 2070 1209 2108 in
1238 2070 1369 2109 Sicilia
1398 2072 1640 2110 frumentum

353 2168 372 2188 2
395 2157 482 2198 tum]
509 2169 617 2197 genus
636 2158 689 2188 Fr.
710 2157 879 2188 Schmidt:
901 2166 983 2187 cura
999 2157 1101 2188 Rom.
1118 2169 1125 2188 :
1151 2156 1242 2187 τόνος
1261 2159 1340 2188 coni.
1361 2158 1447 2188 Boot
1619 2169 1639 2198 3

307 2202 442 2231 videtur
459 2202 547 2241 vulg.
568 2202 604 2241 cf.
623 2202 678 2233 vii.
702 2211 750 2239 14.
768 2211 789 2239 3
809 2199 996 2232 :videntur
1019 2198 1099 2231 JWZC
1235 2211 1272 2231 10
1298 2201 1396 2232 Mart.
1418 2201 1487 2232 secl.
1508 2201 1639 2241 Popma

310 2254 348 2284 19
372 2245 481 2283 possis
506 2255 573 2276 om.
602 2244 787 2285 Wesenberg
947 2255 986 2276 21
1010 2249 1085 2276 ante
1109 2245 1142 2275 id
1165 2245 1240 2275 add.
1270 2245 1476 2275 Ementitum
1502 2245 1641 2286 Aladwg

307 2298 348 2318 22
368 2292 442 2328 post
464 2288 544 2318 mihi
568 2287 644 2320 add.
669 2299 738 2319 non
761 2288 854 2329 Pius,
881 2289 938 2319 vix
961 2287 1071 2327 Klotz,
1099 2289 1235 2319 mentiri
1258 2288 1313 2319 Fr.
1337 2287 1496 2327 Sclmndt,
1518 2289 1636 2319 mirum

308 2330 423 2371 Meyer,
458 2332 554 2361 nihili
583 2331 670 2362 Reid
813 2338 847 2362 ut
873 2333 930 2363 ille
956 2332 1037 2372 que]
1063 2332 1259 2370 tutelaeque
1284 2331 1444 2372 Mtrdvtg:
1469 2332 1636 2371 villaeque

313 2373 522 2415 Wesenberg:
546 2376 747 2415 vigiliaeque
764 2376 862 2406 Klotz
1009 2386 1050 2414 23
1074 2376 1237 2406 visendae
1266 2374 1454 2415 lVesenbctg
1550 2375 1635 2416 Sed]

309 2419 420 2449 Debet
437 2417 579 2459 Madvtg
722 2430 763 2458 24
788 2419 886 2460 dare]
905 2420 947 2449 de
964 2430 1004 2450 ea
1027 2430 1062 2449 re
1078 2419 1222 2450 Rosius:
1246 2418 1336 2449 dabit
1354 2417 1456 2449 Rom.
1475 2430 1481 2450 :
1505 2420 1636 2451 adferet

304 2462 386 2492 coni.
411 2459 602 2503 Wesenberg
