1827 2798
576 160 687 198 EPP.
720 161 797 198 AD
828 160 1086 200 ATTICVM
1395 158 1491 196 XII.
1514 158 1608 195 xlix

214 298 363 334 XLIX
443 301 512 335 Ser.
532 302 566 333 in
588 302 772 335 Tusculano
786 305 844 335 xiv
860 304 903 337 K.
919 303 994 336 lun.
1013 314 1044 337 a.
1064 313 1123 345 709
1143 302 1225 346 (45).

579 386 753 418 CICERO
780 386 961 418 ATTICO
990 386 1094 418 SAL.

226 467 452 507 Sentiebam
496 469 660 508 omnino
703 478 896 520 quantum
937 469 1033 508 mihi
1071 483 1254 520 praesens
1294 469 1537 520 prodesses1

172 534 242 572 sed
272 535 397 573 multo
427 534 549 584 magis
579 543 668 584 post
698 535 915 573 discessum
944 542 1056 573 tuum
1087 533 1224 572 sentio.
1285 535 1416 582 Quam
1447 533 1499 571 ob
1521 521 1658 570 (xrvm)

132 612 148 643 5
172 612 265 645 rem,
289 606 331 636 ut
350 607 441 637 ante
462 600 513 637 ad
534 607 572 637 te
593 598 740 649 scripsi,
762 607 829 637 aut
849 612 922 649 ego
941 599 993 637 ad
1016 607 1054 638 te
1075 605 1180 637 totus
1200 605 1268 637 aut
1289 606 1330 636 tu
1350 599 1401 636 ad
1423 611 1496 644 me,

171 664 281 713 quod
301 662 444 701 licebit.

226 728 326 766 Heri
363 742 445 767 non
476 730 601 768 multo
634 736 724 779 post
758 742 876 779 quam
908 737 949 767 tu
980 743 1003 767 a
1037 742 1100 768 me
1133 727 1356 775 discessisti,
1388 735 1495 778 puto,
1516 741 1540 768 2

171 792 332 843 quidam
372 793 510 831 urbani
542 801 584 831 ut
616 793 851 832 videbantur
882 794 933 832 ad
968 807 1031 832 me
1065 794 1251 832 mandata
1281 800 1319 831 et
1353 792 1497 830 litteras
1518 785 1616 868 ἕξω(

170 859 382 896 attulerunt
420 871 443 895 a
482 858 526 896 C.
565 858 692 896 Mario
731 859 775 898 C.
812 859 835 896 f.
877 859 921 897 C.
958 871 994 896 n.
1032 857 1162 896 multis
1200 857 1328 896 verbis
1366 860 1500 907 ‘agere

114 934 153 957 10
173 936 328 960 mecum
358 936 426 972 per
455 922 732 972 cognationem
763 936 863 972 quae
893 922 989 959 mihi
1016 935 1150 960 secum
1179 929 1290 969 esset,
1313 935 1382 972 per
1407 934 1499 959 eum

174 988 345 1025 Marium
379 1001 497 1037 quem
537 987 788 1036 scripsissem,
820 1000 889 1036 per
917 986 1182 1036 eloquentiam
1215 988 1258 1024 L.
1283 985 1411 1025 Crassi
1437 984 1500 1023 avi

171 1052 231 1090 sui
260 1059 302 1090 ut
332 1065 373 1090 se
407 1053 685 1098 defenderem,'
716 1065 954 1101 causamque
992 1064 1103 1089 suam
1138 1051 1233 1088 mihi
1263 1050 1495 1100 perscripsit.

174 1116 371 1166 Rescripsi
401 1124 568 1165 patrono
607 1116 661 1153 illi
699 1115 796 1153 nihil
830 1128 930 1165 opus
969 1129 1064 1162 esse,
1097 1115 1284 1164 quoniam
1320 1114 1498 1154 Caesaris

170 1180 380 1230 propinqui
404 1179 486 1218 eius
516 1180 644 1218 omnis
672 1187 844 1229 potestas
869 1187 980 1227 esset,
1003 1179 1072 1217 viri
1099 1179 1238 1229 optimi
1262 1187 1300 1219 et
1326 1179 1498 1218 hominis

115 1258 149 1289 15
171 1244 429 1283 liberalissimi
444 1260 454 1293 ,-
484 1258 546 1283 me
563 1252 695 1283 tamen
717 1244 752 1283 ei
767 1246 976 1283 fauturum.
1022 1245 1057 1283 O
1075 1247 1274 1294 tempora!
1305 1246 1386 1283 fore
1407 1258 1497 1283 cum

169 1310 323 1349 dubitet
345 1309 503 1349 Curtius
524 1311 773 1348 consulatum
793 1312 948 1359 petere!
1007 1311 1084 1348 Sed
1104 1311 1202 1348 haec
1223 1311 1423 1348 hactenus.

225 1377 286 1413 De
317 1375 463 1413 Tirone
496 1374 593 1412 mihi
627 1388 742 1413 curae
776 1382 844 1413 est.
905 1375 983 1413 Sed
1015 1374 1092 1412 iam
1122 1374 1243 1413 sciam
1271 1374 1367 1424 quid
1395 1383 1494 1425 agat.
1518 1379 1568 1421 (2)
1594 1385 1621 1424 3

171 1439 269 1477 Heri
290 1439 395 1477 enim
423 1439 511 1477 misi
541 1439 608 1489 qui
638 1439 786 1478 videret
800 1454 810 1487 3
840 1438 903 1477 cui
933 1438 1051 1477 etiam
1074 1440 1126 1477 ad
1153 1446 1191 1477 te
1218 1438 1363 1477 litteras
1390 1440 1494 1478 dedi.

170 1504 389 1554 Epistulam
415 1505 467 1543 ad
497 1504 731 1544 Ciceronem
762 1503 832 1542 tibi
862 1503 960 1542 misi.
1021 1503 1139 1542 Horti
1170 1517 1290 1554 quam
1321 1503 1361 1542 in
1390 1504 1496 1544 diem

113 1582 151 1604 20
169 1568 374 1619 proscripti
403 1569 480 1607 sint
509 1569 625 1608 velim
655 1570 705 1607 ad
736 1582 799 1607 me
828 1568 985 1607 scribas.

210 1715 248 1749 L
436 1717 505 1749 Scr.
525 1718 558 1748 in
581 1717 768 1748 Tusculano
783 1728 828 1748 xv
842 1716 885 1748 K.
904 1717 980 1749 Iun.
998 1727 1027 1748 ce.
1047 1727 1106 1758 709
1125 1716 1210 1759 (45).

575 1805 747 1836 CICERO
777 1805 959 1837 ATTICO
989 1804 1095 1838 SAL.

222 1896 276 1933 Vt
296 1908 358 1934 me
385 1896 528 1933 levarat
548 1902 637 1932 tuus
664 1896 856 1933 adventus
881 1894 936 1933 sic
963 1894 1158 1933 discessus
1187 1894 1346 1934 adflixit.
1407 1896 1497 1944 Qua

170 1973 208 1997 re
229 1972 320 1997 cum
349 1959 504 2009 poteris,
526 1959 567 1997 id
594 1967 651 1998 est
681 1973 770 1997 curn
802 1959 907 1998 Sexti
935 1960 1109 1998 auctioni
1138 1974 1298 2010 operam
1329 1961 1493 2008 dederis,

112 2039 149 2070 25
171 2023 312 2062 revises
346 2037 429 2061 nos.
488 2025 562 2062 Vel
593 2037 694 2061 unus
726 2023 809 2061 dies
842 2023 938 2061 mihi
977 2023 1048 2062 erit
1081 2024 1196 2072 utilis,
1231 2025 1327 2074 quid
1366 2024 1495 2063 dicam

173 2089 374 2138 ‘gratus'?
431 2089 522 2137 Ipse
552 2090 723 2126 Romam
754 2087 927 2125 venirem
957 2095 999 2126 ut
1026 2102 1104 2126 una
1130 2102 1316 2135 essemus,
1346 2088 1377 2126 si
1403 2089 1496 2127 satis

170 2154 393 2190 consultum
414 2153 585 2202 quadam
606 2153 655 2191 de
676 2166 715 2190 re
736 2152 933 2190 haberem.

213 2264 232 2294 5
257 2259 350 2285 totus
365 2265 438 2284 cum
462 2265 550 2284 cruce
572 2253 695 2284 Mz'iller
714 2254 775 2293 qui
793 2253 873 2285 coni.
897 2254 1026 2285 otiosus
1052 2255 1096 2285 set
1117 2265 1219 2294 quom
1237 2261 1299 2296 pro
1322 2257 1428 2296 quod)
1446 2257 1497 2288 vel

171 2297 252 2328 ὅλως
413 2308 428 2336 7
456 2298 553 2337 puto]
584 2298 695 2328 subito
721 2297 820 2328 Klotz
968 2309 1006 2337 19
1031 2298 1250 2339 Ciceronem]
1278 2300 1458 2330 Caesarem
1475 2300 1497 2330 I

170 2352 209 2380 27
235 2341 421 2372 consultum
437 2341 579 2371 Miiller:
604 2341 777 2372 consilium
798 2341 882 2372 codd.
900 2353 907 2372 :
932 2341 1049 2373 consili
1062 2341 1250 2373 Corradus:
1275 2344 1493 2375 constitutum

170 2384 347 2415 consilium
363 2383 539 2415 Lehmann
