1827 2798
167 142 285 180 XIII.
305 142 383 179 xxi
685 143 740 179 M.
773 141 942 178 TVLLI
973 140 1280 180 CICERONIS

315 253 516 302 remigant.
578 253 626 290 Id
655 252 706 289 ab
736 254 856 302 ἐποχῇ
883 251 1189 290 remotissimum
1220 259 1287 291 est.
1349 255 1439 302 Qua
1465 267 1505 293 re
1532 254 1651 293 facies

315 326 358 356 ut
385 318 438 355 ita
463 316 511 355 sit
541 315 580 353 in
610 316 710 354 libro
738 330 856 366 quem
885 317 936 354 ad
967 318 1131 354 modum
1161 316 1242 355 fuit.
1305 317 1423 356 Dices
1444 319 1521 357 hoc
1545 319 1652 357 idern

315 380 496 428 Varroni,
517 380 548 418 si
575 382 674 419 forte
704 380 878 419 mutavit.
939 382 1024 419 Nec
1052 388 1110 419 est
1138 381 1276 420 melius
1298 382 1510 432 quicquam
1532 397 1651 433 quam

316 453 359 484 ut
381 445 566 493 Lucilius,

362 513 372 530 ‘
387 511 588 549 Sustineas
619 524 772 549 currum
805 518 846 549 ut
876 511 1005 550 bonus
1036 525 1152 562 saepe
1181 511 1346 562 agitator
1375 515 1602 563 equosque.'
1672 528 1689 561 5

318 577 560 626 Semperque
604 577 829 616 Carneades
876 577 1075 627 προβολὴν
1118 577 1259 627 pugilis
1307 585 1345 616 et
1392 578 1653 616 retentionem

316 642 472 692 aurigae
512 642 679 680 similem
719 642 810 680 facit
849 645 978 694 ἐποχῇ.
1058 642 1249 681 Inhibitio
1290 650 1423 680 autem
1462 642 1654 693 remigum

316 715 469 745 motum
491 708 610 745 habet
631 717 669 745 et
690 708 1025 746 vehementiorem
1043 707 1205 758 quidem
1226 707 1492 757 remigationis
1513 721 1653 745 navem

317 772 581 810 convertentis
620 773 671 811 ad
710 773 885 823 puppim.
946 773 1068 811 Vides
1108 780 1258 822 quanto
1296 773 1394 811 haec
1429 772 1654 822 diligentius

318 851 450 875 curem
482 851 601 887 quam
633 845 699 875 aut
729 839 779 876 de
811 851 967 876 rumore
999 845 1067 875 aut
1096 839 1146 876 de
1182 837 1371 876 Pollione.
1434 839 1497 875 De
1527 839 1655 875 Pansa
1678 854 1716 877 10

317 901 436 939 etiam
467 901 497 939 si
527 902 624 951 quid
655 902 796 940 certius
823 903 959 953 (credo
989 902 1094 940 enim
1125 904 1253 952 palam
1285 903 1432 940 factum
1462 900 1574 952 esse),
1604 902 1655 940 de

320 966 511 1015 Critonio,
534 966 565 1005 si
587 966 683 1016 quid
704 971 829 1008 †esset
850 975 953 1006 certe
974 971 1049 1009 ne†
1069 968 1120 1006 de
1143 968 1307 1005 Metello
1328 974 1366 1005 et
1388 965 1567 1005 Balbino.

363 1111 475 1146 XXI
493 1123 518 1146 a
561 1113 631 1148 Ser.
648 1116 682 1147 in
699 1115 733 1146 A
739 1116 864 1157 rpz'nalz'
869 1115 957 1157 prid.
977 1116 1020 1148 K.
1041 1119 1100 1147 aut
1115 1115 1158 1148 K.
1178 1115 1292 1156 Quint.
1312 1126 1344 1148 a.
1363 1126 1423 1157 709
1442 1115 1525 1157 (45).

729 1203 901 1235 CICERO
929 1203 1112 1235 ATTICO
1140 1202 1247 1235 SAL.

211 1306 229 1333 1
251 1297 301 1339 (4)
377 1291 452 1330 Dic
473 1291 580 1339 mihi,
604 1294 784 1342 placetne
804 1292 875 1331 tibi
895 1292 1064 1343 primum
1087 1293 1203 1331 edere
1224 1291 1374 1330 iniussu
1395 1294 1518 1331 meo?
1563 1294 1656 1331 Hoc
1680 1305 1716 1337 15

320 1369 370 1394 ne
411 1358 686 1395 Hermodorus
726 1358 888 1407 quidem
926 1357 1105 1404 faciebat,
1146 1357 1177 1395 is
1216 1356 1284 1407 qui
1324 1357 1498 1395 Platonis
1537 1357 1657 1395 libros

320 1420 456 1459 solitus
487 1429 544 1459 est
574 1422 783 1472 divulgare,
813 1436 860 1460 ex
889 1436 969 1473 quo
998 1422 1462 1475 ‘Adyoccrzv‘EpfffiSmposss
1521 1423 1659 1472 Quid?

321 1485 418 1524 illud
449 1494 651 1525 rectumne
686 1486 883 1525 existimas
913 1487 1130 1538 quoiquam
1164 1493 1252 1525 ante
1282 1502 1397 1537 quam
1429 1490 1563 1535 Bruto,
1595 1488 1659 1526 cui

322 1558 360 1589 te
380 1558 540 1589 auctore
560 1556 771 1602 προσφωιιῶ
788 1554 804 1590 ?
860 1552 1022 1603 Scripsit
1049 1552 1155 1591 enim
1177 1554 1325 1591 Balbus
1355 1554 1406 1591 ad
1433 1566 1497 1591 me
1517 1566 1558 1591 se
1578 1566 1601 1590 a
1621 1560 1659 1591 te

323 1616 505 1666 quintum
530 1620 538 1636 ‘
552 1619 602 1655 de
623 1617 767 1656 finibus
785 1619 792 1636 ⁷
813 1617 957 1656 librum
985 1618 1261 1669 descripsisse,
1295 1618 1335 1656 in
1357 1632 1437 1669 quo
1464 1632 1544 1657 non
1566 1631 1660 1656 sane
1682 1631 1721 1652 20

324 1682 448 1719 multa
481 1682 628 1720 mutavi
660 1684 729 1721 sed
761 1691 893 1721 tamen
925 1685 1131 1733 quaedam.
1192 1685 1255 1721 Tu
1287 1691 1418 1722 autem
1449 1684 1661 1721 commode

324 1745 461 1784 feceris
482 1746 513 1783 si
534 1746 705 1796 reliquos
725 1747 976 1794 continueris,
994 1761 1043 1786 ne
1064 1756 1102 1786 et
1124 1749 1327 1798 ἀδιόρθωτα
1348 1749 1491 1786 habeat
1513 1748 1661 1786 Balbus

325 1817 365 1849 et
395 1811 491 1848 ἕωλα
521 1813 674 1849 Brutus.
734 1813 812 1850 Sed
842 1813 939 1850 haec
970 1813 1170 1859 hactenus,
1201 1827 1250 1851 ne
1279 1813 1413 1851 videar
1440 1812 1525 1862 περὶ
1549 1813 1662 1862 μικρὰ

326 1876 556 1922 σπουδάζειν.
618 1875 702 1914 Etsi
734 1890 839 1914 nunc
871 1876 1033 1926 quidem
1066 1877 1236 1916 maxima
1273 1877 1370 1915 mihi
1409 1884 1500 1914 sunt
1538 1878 1661 1925 haee,-

325 1940 422 1990 quid
443 1948 500 1978 est
521 1940 626 1979 enim
647 1940 784 1979 aliud?
1683 1955 1721 1986 25

379 2005 545 2044 Varroni
567 2006 727 2056 quidem
750 2020 850 2056 quae
880 2008 1016 2058 scripsi
1045 2017 1083 2048 te
1109 2016 1268 2048 auctore
1298 2008 1351 2046 ita
1380 2021 1547 2058 propero
1577 2007 1662 2045 mit-

326 2078 405 2109 tere
444 2078 486 2109 ut
524 2071 602 2108 iam
638 2073 809 2109 Romam
845 2073 1016 2112 miserim
1051 2074 1322 2113 describenda.
1383 2074 1442 2111 Ea
1476 2071 1507 2110 si
1540 2073 1659 2118 voles,

326 2136 455 2174 statim
481 2136 656 2174 habebis.
718 2137 862 2187 Scripsi
892 2138 998 2176 enim
1028 2140 1079 2177 ad
1108 2138 1284 2177 librarios
1314 2145 1356 2176 ut
1386 2139 1494 2176 fieret
1520 2136 1607 2183 tuis,
1631 2136 1662 2175 si

326 2208 367 2238 tu
392 2202 520 2247 velles,
544 2202 795 2241 describendi
826 2210 1008 2253 potestas.
1071 2205 1129 2242 Ea
1155 2217 1247 2242 vero
1276 2201 1498 2241 continebis
1529 2202 1662 2251 quoad

326 2266 409 2316 ipse
430 2274 467 2305 te
488 2267 643 2306 videam
663 2283 671 2315 3
705 2269 813 2318 quod
841 2268 1139 2318 diligentissime
1167 2270 1293 2307 facere
1314 2269 1416 2307 soles
1443 2281 1534 2313 curn
1555 2281 1578 2305 a
1598 2281 1661 2306 me
1683 2281 1724 2312 30

371 2383 389 2409 4
417 2372 565 2402 Lucilius
583 2372 773 2412 Illalaspina
789 2384 796 2403 :
824 2372 981 2404 Lucullus
998 2372 1040 2403 M
1182 2384 1203 2413 9
1227 2374 1311 2404 haec
1330 2371 1442 2403 O¹RP
1458 2371 1545 2403 Crat.
1565 2382 1572 2402 :
1598 2371 1662 2402 hoc

330 2414 405 2445 OQ
608 2426 645 2445 12
670 2421 731 2450 est,
760 2416 820 2446 scd
847 2421 939 2447 certe
966 2417 1008 2447 de
1038 2416 1243 2458 lVesenberg:
1268 2417 1349 2456 soti.
1376 2420 1439 2456 est,
1466 2420 1499 2446 et
1524 2420 1662 2446 certene

331 2459 369 2489 18
392 2464 470 2490 ante
487 2469 584 2499 quam
602 2459 678 2490 add.
702 2458 777 2490 Vict.
