1827 2798
156 96 265 132 XVI.
290 95 350 131 xii
653 94 708 130 M.
740 92 909 129 TVLLI
941 89 1248 129 CICERONIS

278 202 365 252 cepi
400 200 607 240 consilium
646 198 910 238 domesticum
949 197 1081 248 itaque
1120 211 1183 236 me
1221 211 1275 248 pr.
1314 199 1409 236 Idus
1448 198 1612 237 arbitror

281 271 434 306 Rornae
467 268 651 304 futurum.
712 263 974 304 Commodius
1006 271 1064 302 est
1098 263 1224 301 visum
1256 264 1394 302 frustra
1429 277 1491 303 me
1526 264 1611 302 istic.

278 346 372 378 esse,
397 345 486 369 curn
519 331 559 369 id
594 344 675 369 non
707 342 868 367 necesse
900 336 1012 376 esset,
1042 342 1172 378 quarn,
1196 327 1227 366 si
1257 341 1356 378 opus
1388 336 1503 376 esset,
1530 342 1610 366 non

277 398 426 442 adesse,
460 403 499 433 et
530 394 645 432 simul
680 408 730 432 ne
764 394 1044 432 intereluderer
1083 393 1320 431 metuebam.
1394 394 1467 431 Ille
1506 393 1611 431 enim

278 462 354 500 iarn
389 462 601 499 adventare
636 466 775 509 potest.
838 458 922 496 Etsi
956 457 1049 496 varii
1081 471 1256 496 rumores
1288 457 1481 508 multique
1513 471 1613 508 quos
1634 470 1650 502 5

278 539 463 576 cuperem
503 538 625 571 veros,
668 523 765 562 nihil
805 532 937 561 tamen
977 522 1082 561 certi.
1155 524 1240 572 Ego
1279 536 1381 570 vero,
1423 522 1614 572 quicquid

279 600 348 638 est,
371 599 502 629 tecum
533 589 663 640 potius
693 602 811 639 quam
843 587 964 626 animi
996 589 1207 638 pendeam,
1228 601 1319 626 curn
1353 601 1376 626 a
1404 595 1443 626 te
1473 587 1612 634 absim,

279 665 317 695 et
338 657 388 694 de
409 663 447 693 te
468 662 505 693 et
527 656 576 692 de
598 668 670 692 me.
731 655 808 692 Sed
830 653 926 703 quid
947 652 1019 691 tibi
1040 653 1200 691 dicam?
1244 655 1402 691 Bonum
1422 652 1612 690 animum.

282 724 343 759 De
364 720 626 771 Ἡρακλειδείῳ
647 718 836 756 Varronis
864 717 1022 768 negotia
1051 719 1161 756 salsa.
1224 719 1294 756 Me
1324 716 1486 767 quidem
1516 716 1613 755 nihil

279 799 470 836 umquam
491 784 546 824 sic
568 783 786 824 delectavit.
847 784 925 822 Sed
947 784 1044 821 haec
1066 790 1103 821 et
1124 782 1199 821 alia
1219 781 1366 821 maiora
1387 795 1530 821 coram.
1636 801 1675 822 10

322 894 438 930 XIII
457 898 508 939 (a)
613 896 684 927 Ser.
703 896 835 935 Aquini
848 895 879 926 iv
894 894 944 926 Id.
961 894 1043 925 Nov.
1062 905 1092 925 a.
1116 905 1173 934 710
1192 894 1277 934 (44).

688 972 861 1005 CICERO
891 972 1073 1003 ATTICO
1103 971 1211 1004 SAL.

242 1060 259 1088 1
333 1048 370 1087 O
391 1060 525 1086 casum
551 1045 786 1084 mirificum!
817 1057 842 1082 v
865 1046 961 1083 Idus
988 1058 1077 1083 cum
1106 1052 1197 1082 ante
1227 1045 1356 1082 lucem
1384 1044 1434 1083 de
1462 1043 1617 1082 Sinues-

281 1126 377 1150 sano
399 1111 649 1149 surrexissem
670 1110 946 1159 venissemque
967 1109 1142 1148 diluculo
1168 1111 1218 1148 ad
1244 1117 1408 1160 pontem
1424 1108 1614 1147 Tirenum

281 1177 347 1227 qui
370 1185 428 1215 est
450 1176 684 1223 Menturnis,
707 1175 746 1213 in
767 1189 847 1225 quo
868 1177 989 1213 flexus
1011 1183 1068 1213 est
1088 1177 1139 1213 ad
1160 1175 1231 1213 iter
1251 1174 1431 1225 Arpinas,
1456 1174 1613 1213 obviarn
1638 1191 1675 1223 15

282 1242 377 1280 mihi
409 1243 449 1279 fit
480 1241 716 1288 tabellarius,
745 1240 813 1290 qui
843 1254 906 1278 me
936 1240 1100 1278 offendit
1132 1241 1308 1291 (δολιχὸν
1340 1242 1460 1279 πλόον
1491 1242 1615 1291 ὁρμαί-

281 1309 413 1346 νοντα.’
469 1309 522 1344 At
552 1320 625 1356 ego
655 1305 785 1343 statim
809 1306 969 1345 ‘Cedo'
990 1305 1152 1355 inquam
1176 1306 1228 1344 ‘si
1258 1306 1354 1356 quid
1381 1308 1432 1345 ab
1456 1307 1615 1346 Attico.'

282 1374 474 1411 Nondum
509 1373 635 1421 legere
670 1378 922 1420 poteramus3
962 1384 1053 1408 narn
1087 1379 1125 1409 et
1159 1371 1308 1410 lumina
1342 1372 1615 1411 dimiseramus

281 1452 354 1477 nec
376 1438 466 1476 satis
487 1437 654 1476 lucebat.
715 1437 817 1476 Cum
838 1444 971 1474 autem
991 1437 1147 1483 luceret,
1171 1444 1262 1475 ante
1283 1437 1426 1487 scripta
1450 1438 1617 1488 epistula

281 1518 326 1542 ex
359 1504 513 1542 duabus
545 1502 621 1541 tuis
656 1501 760 1552 prior
791 1501 886 1539 mihi
908 1501 981 1551 legi
1017 1509 1157 1551 coepta
1196 1510 1263 1540 est.
1326 1505 1397 1542 Illa
1437 1505 1615 1543 omnium
1638 1518 1678 1539 20

282 1570 443 1620 quidem
478 1567 776 1618 elegantissima.
837 1569 899 1605 Ne
931 1567 1005 1606 sim
1037 1569 1164 1606 salvus
1199 1568 1230 1606 si
1264 1568 1374 1607 aliter
1405 1570 1534 1609 scribo
1571 1584 1617 1609 ac

284 1635 421 1674 sentio.
482 1633 592 1672 Nihil
625 1632 700 1683 legi
731 1632 952 1670 humanius.
1014 1634 1153 1683 Itaque
1187 1634 1343 1672 veniam
1379 1649 1458 1685 quo
1488 1650 1616 1682 vocas,

286 1702 408 1738 modo
428 1699 607 1738 adiutore
627 1707 675 1737 te.
736 1700 812 1737 Sed
834 1698 931 1736 nihil
952 1706 1032 1737 tam
1060 1701 1355 1749 ἀπροσδιόνυσον
1375 1701 1470 1739 mihi
1493 1701 1619 1751 primo

286 1765 492 1804 videbatur
521 1777 639 1814 quarn
669 1764 720 1801 ad
751 1776 816 1801 eas
845 1763 991 1802 litteras
1023 1764 1166 1814 quibus
1196 1779 1269 1814 ego
1296 1779 1318 1803 a
1343 1773 1380 1804 te
1410 1766 1617 1804 consilium

241 1831 472 1882 2petieram
513 1838 550 1868 te
589 1829 686 1867 mihi
724 1829 796 1868 ista
834 1830 1055 1869 rescribere.
1128 1833 1232 1869 Ecce
1271 1831 1341 1869 tibi
1379 1833 1500 1870 altera
1542 1846 1620 1882 qua

286 1896 449 1935 hortaris
472 1899 480 1915 ‘
494 1894 578 1945 παρ’
597 1896 797 1944 ἠνεμόεντα
825 1896 1014 1946 Μίμαντα,
1036 1897 1152 1946 νήσου
1179 1898 1238 1934 ἐπὶ
1266 1898 1426 1947 Ψυρίης,’
1447 1897 1619 1948 Appiam

285 1961 433 1999 scilicet
466 1962 543 1998 ίἐπ’
574 1961 734 2011 ἀριστέρ’
757 1962 912 2012 ἔχοντα.’
971 1963 1111 2011 Itaque
1141 1976 1189 2000 eo
1219 1962 1283 2000 die
1311 1962 1437 2001 mansi
1458 1962 1618 2012 Aquini.
1825 1967 1827 1982 *

288 2028 509 2076 Longulum
524 2040 618 2064 sane
635 2026 706 2064 iter
719 2034 757 2064 et
771 2026 832 2064 via
849 2028 961 2064 mala.
1015 2027 1117 2065 Inde
1133 2026 1322 2076 postridie
1340 2041 1456 2066 mane
1469 2027 1621 2077 profici-

286 2105 398 2130 scens
419 2092 488 2130 has
509 2091 654 2130 litteras
676 2091 779 2130 dedi.

335 2206 372 2234 13
387 2196 466 2233 sort.
482 2196 522 2226 de
541 2196 752 2226 Sinuessano
770 2195 1054 2236 transponmdunz
1068 2199 1141 2236 post
1156 2196 1305 2227 diluculo
1398 2206 1435 2235 14
1460 2197 1621 2228 Tirenum

289 2250 352 2270 v.c.
386 2238 503 2268 E0¹R
537 2239 609 2277 ised
636 2240 663 2269 is
694 2240 868 2277 tyrenum}
902 2236 942 2268 Z⁶
973 2239 1089 2270 codices
1119 2240 1205 2275 Bosi.
1240 2240 1277 2278 ef.
1307 2240 1484 2271 Lehmann
1517 2240 1622 2272 ‘Att.'

287 2289 318 2322 p.
357 2292 437 2321 140:
472 2283 635 2313 Tit-etium
670 2283 709 2312 M
859 2292 895 2321 15
930 2283 1125 2314 Menturnis
1157 2283 1274 2315 codd:
1317 2283 1422 2314 Mint-
1452 2284 1552 2324 vulga,
1580 2286 1617 2323 cf

294 2337 340 2356 10.
364 2336 374 2355 1
512 2336 550 2365 27
577 2326 706 2357 scilieet
723 2326 797 2357 M2:
824 2337 892 2357 om.
914 2326 965 2356 M1
1101 2329 1143 2357 28
1168 2328 1253 2357 mala
1279 2327 1449 2358 Turnebus
1467 2327 1622 2368 Popma:

291 2371 381 2400 inata
400 2368 439 2398 M
454 2381 460 2400 :
486 2375 574 2399 mata
591 2363 645 2400 th
662 2381 668 2400 :
694 2371 863 2401 madidata
879 2372 960 2401 coni.
977 2369 1095 2403 Lamb.
1111 2382 1116 2401 :
1142 2371 1217 2401 avia
1234 2370 1345 2401 Moser
