1827 2798
215 105 301 142 XV.
325 115 356 141 V
689 104 743 140 M.
776 102 945 140 TVLLI
977 103 1286 141 CICERONIS

323 214 375 253 ita
405 214 537 253 scribit
567 221 604 252 et
628 213 773 251 Balbus
804 220 841 251 et
874 214 1030 263 Oppius.
1091 213 1245 252 Hirtius
1273 213 1434 264 quidem
1462 228 1503 253 se
1531 216 1655 253 afutu-

323 294 407 318 rum
430 279 592 329 (etenim
620 278 697 316 iarn
726 277 765 315 in
787 279 1017 316 Tusculano
1041 278 1116 330 est)
1138 279 1315 329 mihique
1335 287 1377 317 ut
1397 279 1522 317 absim
1543 281 1657 318 vehe-

324 352 473 381 menter
499 351 635 381 auctor
663 350 731 389 est,
755 350 793 381 et
820 342 884 381 ille
913 342 1075 392 quidem
1107 343 1268 393 periculi
1299 357 1418 382 causa
1444 345 1552 394 quod
1583 344 1655 382 sibi

324 409 440 446 etiam
472 407 589 446 fuisse
619 407 724 454 dicit,
755 420 828 457 ego
861 415 1005 453 autem,
1038 407 1154 446 etiam
1186 416 1228 446 ut
1257 410 1409 446 nullum
1439 408 1655 459 periculum

326 473 384 516 sit,
404 480 555 510 tantum
577 472 689 510 abest
711 479 752 510 ut
769 471 920 510 Antoni
941 472 1207 522 suspicionem
1232 474 1365 523 fugere
1392 487 1498 511 nunc
1523 487 1656 511 curem

326 552 375 576 ne
397 537 528 576 videar
554 537 636 576 eius
664 537 847 576 secundis
878 537 993 576 rebus
1021 552 1102 576 non
1129 538 1325 585 delectari,
1349 546 1390 576 ut
1418 538 1513 575 mihi
1541 552 1658 576 causa

281 615 305 652 3
325 617 370 641 ea
400 602 448 641 sit
478 617 546 641 cur
573 605 744 641 Romam
776 602 907 641 venire
937 603 1059 641 nolim
1089 617 1139 642 ne
1169 603 1278 641 illum
1307 603 1474 642 videam.
1534 605 1658 641 Varro

324 676 457 707 autem
497 676 630 707 noster
663 669 713 707 ad
754 682 816 707 me
855 668 1062 718 epistulam
1103 668 1207 707 misit
1241 668 1314 707 sibi
1353 682 1376 706 a
1409 667 1544 707 nescio
1578 682 1658 718 quo

325 733 482 772 missam
512 733 675 785 (nornen
704 733 809 772 enim
838 733 1029 783 delerat),·
1062 732 1101 771 in
1129 747 1207 784 qua
1234 733 1422 784 scriptum
1453 741 1532 771 erat
1556 741 1658 772 vete-

325 812 439 837 ranos
470 812 536 837 eos
567 798 634 849 qui
664 797 872 837 reiciantur
901 798 1009 849 (nam
1041 807 1190 849 partem
1223 813 1308 838 esse
1339 798 1558 848 dimissam)
1590 798 1657 836 im-

327 863 559 914 probissime
585 863 708 914 loqui,
728 872 770 902 ut
798 878 942 914 magno
969 864 1144 915 periculo
1168 866 1321 903 Romae
1349 864 1425 902 sint
1452 863 1569 901 futuri
1590 864 1657 914 qui

325 931 376 969 ab
403 944 538 969 eorum
566 929 741 980 partibus
762 929 970 968 dissentire
990 929 1206 968 videantur.
1266 929 1365 979 Quis
1387 943 1502 979 porro
1526 937 1658 967 noster

327 995 414 1043 itus,
451 996 608 1043 reditus,
643 997 783 1042 vultus,
826 995 1002 1034 incessus
1052 995 1152 1034 inter
1187 995 1311 1034 istos?
1380 996 1501 1044 Quod
1542 994 1584 1041 si,
1617 1004 1657 1032 ut

325 1060 473 1108 scribis,
506 1062 548 1098 L.
571 1060 770 1098 Antonius
800 1060 840 1097 in
875 1061 923 1098 D.
955 1062 1132 1108 Brutum,
1160 1059 1298 1110 reliqui
1328 1059 1368 1098 in
1397 1067 1562 1107 nostros
1586 1074 1658 1110 ego

325 1126 421 1175 quid
451 1126 590 1164 faciam
620 1133 686 1163 aut
714 1139 794 1175 quo
825 1139 887 1164 me
918 1134 1034 1176 pacto
1061 1127 1223 1176 geram?
1272 1125 1374 1163 Mihi
1395 1138 1487 1163 vero
1513 1125 1657 1163 delibe-
1701 1143 1716 1172 5

327 1199 452 1229 ratum
483 1199 551 1238 est,
574 1199 617 1229 ut
646 1205 752 1229 nunc
782 1191 943 1241 quidem
974 1200 1046 1239 est,
1072 1192 1210 1230 abesse
1239 1206 1285 1230 ex
1314 1205 1361 1229 ea
1390 1191 1487 1229 urbe
1512 1189 1553 1228 in
1581 1203 1658 1239 qua

327 1270 406 1294 non
447 1258 568 1295 modo
606 1256 718 1294 florui
757 1271 847 1295 cum
889 1270 1043 1294 summa
1077 1270 1210 1295 verum
1246 1256 1363 1295 etiam
1398 1254 1535 1294 servivi
1567 1268 1657 1293 cum

325 1321 456 1370 aliqua
489 1321 705 1371 dignitate;
747 1335 820 1359 nec
854 1329 934 1359 tam
970 1321 1086 1359 statui
1118 1336 1164 1360 ex
1201 1321 1314 1359 Italia
1348 1320 1461 1368 exire,
1494 1321 1544 1359 de
1579 1333 1658 1370 quo

328 1394 458 1424 tecum
488 1386 727 1433 deliberabo,
758 1399 877 1436 quam
907 1385 1007 1424 istuc
1037 1399 1117 1424 non
1145 1385 1286 1424 venire.

369 1491 436 1526 VI
541 1495 611 1527 Scr.
631 1496 664 1526 in
687 1495 870 1526 Tusculano
887 1496 922 1526 vi
934 1496 976 1526 K.
997 1495 1073 1526 Iun.
1090 1497 1212 1536 vesperi
1224 1507 1254 1528 a.
1278 1506 1334 1535 710
1352 1495 1438 1537 (44).

734 1572 905 1603 CICERO
936 1572 1117 1604 ATTICO
1146 1572 1251 1605 SAL.

383 1648 485 1686 Cum
523 1648 575 1685 ad
615 1660 677 1684 me
717 1648 860 1683 Brutus
900 1653 1032 1683 noster
1071 1645 1288 1696 scripsisset
1329 1654 1366 1685 et
1406 1646 1576 1694 Cassius,
1618 1655 1660 1685 ut

328 1711 514 1758 Hirtium,
548 1711 616 1760 qui
653 1712 785 1749 adhuc
824 1711 952 1748 bonus
992 1710 1128 1749 fuisset
1168 1711 1372 1759 (sciebam,
1404 1725 1533 1761 neque
1568 1725 1658 1750 eum

326 1777 578 1815 confidebam
611 1777 693 1814 fore
725 1789 813 1813 mea
842 1775 1074 1814 auctoritate
1109 1776 1310 1815 meliorem
1327 1792 1337 1825 ,-
1384 1776 1561 1814 Antonio
1600 1785 1658 1815 est

328 1843 431 1881 enirn
464 1843 627 1879 fortasse
659 1840 799 1887 iratior,
829 1854 970 1879 causae
1002 1855 1093 1880 vero
1127 1841 1416 1892 amicissimus),
1440 1850 1571 1880 tamen
1605 1844 1656 1880 ad

327 1922 417 1947 eum
450 1906 585 1957 scripsi
618 1906 732 1956 eique
762 1906 993 1957 dignitatem
1016 1907 1125 1946 Bruti
1156 1916 1194 1946 et
1224 1907 1336 1947 Cassi
1366 1908 1654 1946 commendavi.

330 1975 401 2012 Ille
431 1972 526 2023 quid
556 1971 652 2010 mihi
682 1971 940 2021 rescripsisset
971 1973 1069 2011 scire
1099 1981 1136 2011 te
1163 1973 1280 2020 volui,
1304 1972 1334 2011 si
1359 1974 1457 2011 forte
1484 1973 1589 2011 idem
1615 1981 1655 2011 tu

374 2088 384 2107 1
413 2083 446 2108 et
475 2077 601 2108 Balbus
623 2081 657 2108 et
680 2077 835 2117 Oppius;
873 2078 1006 2109 Hirtius
1030 2078 1109 2110 coni.
1141 2077 1283 2109 Muller:
1315 2089 1381 2110 om.
1409 2078 1542 2117 Oppius
1566 2077 1653 2108 codd.

325 2122 471 2152 futurum
497 2121 616 2152 Orelli:
652 2127 802 2152 acturum
828 2120 885 2152 M:
913 2126 1016 2161 negat
1043 2123 1166 2153 iturum
1192 2121 1279 2153 Reid
1407 2132 1427 2160 3
1452 2126 1504 2152 est
1526 2126 1559 2151 et
1581 2132 1610 2152 v
1632 2132 1654 2152 c.

324 2164 375 2195 L
379 2165 542 2205 matgff)
567 2171 601 2196 et
620 2166 682 2196 M:
706 2171 758 2196 est
775 2167 864 2206 vulg.
1014 2177 1030 2206 7
1057 2177 1116 2197 cur
1132 2169 1226 2198 vett.:
1254 2171 1289 2197 ut
1306 2164 1391 2197 codd.
1526 2175 1567 2203 23
1600 2165 1654 2204 qui

394 2232 400 2239 .
430 2209 744 2252 suisset—(fuisse)
777 2210 946 2241 sciebam.
968 2234 975 2241 .
997 2209 1218 2241 ‚fore-mea
1249 2209 1450 2240 auctoritate
1482 2208 1655 2239 meliorem

325 2251 557 2294 (saeerem>-—
564 2254 715 2284 Antonio
755 2253 896 2293 Tyrrell:
930 2254 1012 2293 qui.
1033 2278 1040 2285 .
1065 2254 1208 2285 ‚suisset
1244 2251 1500 2295 (c01f1rmarem
1533 2256 1567 2282 et
1598 2262 1655 2282 ex-

326 2297 474 2335 citarem,
501 2297 564 2327 etsi
588 2298 698 2328 alieno
722 2308 741 2327 a
766 2308 865 2327 causa
888 2298 1000 2327 animo
1022 2297 1151 2339 fuisse>
1175 2297 1333 2335 sciebam,
1361 2306 1473 2335 neque
1497 2306 1573 2326 eum
1592 2318 1598 2324 .
1617 2318 1624 2325 .
1646 2317 1653 2326 .

327 2340 693 2370 meliorem—Antonio
724 2339 886 2381 Madvig:
924 2351 1024 2380 quem
1056 2341 1165 2371 adhuc
1199 2341 1323 2371 bonum
1356 2339 1459 2370 fuisse
1491 2339 1651 2378 sciebant,

326 2394 437 2424 neque
455 2384 544 2415 enim
563 2384 780 2415 confidebant
797 2408 805 2417 .
823 2408 830 2416 .
851 2408 859 2416 .
879 2384 1051 2415 meliorem
1066 2383 1410 2415 facerem—Antonio
1426 2383 1480 2413 M²

1681 814 1719 836 10

1679 1858 1716 1888 25
