1827 2798
166 135 278 172 XIV.
297 135 376 171 xvi
682 134 737 170 M.
770 133 937 169 TVLLI
970 131 1278 171 CICERONIS

316 247 413 284 ferre
434 258 559 295 posse.
620 243 719 292 Quis
741 242 844 280 enim
867 244 1009 281 audeat
1034 243 1188 281 laedere
1215 241 1415 292 proposita
1441 254 1556 280 cruce
1583 249 1648 280 aut

316 324 418 356 saxo,
451 308 677 359 praesertim
714 307 830 345 tantis
865 307 1076 358 plausibus,
1109 315 1217 345 tanta
1250 306 1535 357 approbatione
1567 306 1648 344 infi-

316 387 469 412 morum
487 376 502 411 Ρ

268 451 292 488 3
370 441 499 486 Nunc,
542 438 594 476 mi
629 438 770 484 Attice,
808 451 871 476 me
904 439 964 476 fac
1004 446 1046 476 ut
1084 438 1279 488 expedias.
1346 436 1486 487 Cupio,
1527 450 1648 486 quom

315 507 436 542 Bruto
464 512 598 541 nostro
627 503 790 542 adfatim
821 502 912 541 satis
942 502 1111 551 fecerim,
1134 516 1334 540 excurrere
1365 501 1403 539 in
1431 501 1646 540 Graeciam.
1670 514 1688 545 5

317 569 452 619 Magni
487 569 646 607 interest
682 568 885 607 Ciceronis
920 570 980 606 vel
1012 582 1099 606 mea
1137 567 1268 618 potius
1300 569 1360 605 vel
1396 581 1459 605 me
1491 568 1649 605 hercule

313 634 515 683 utriusque
538 647 599 672 me
628 633 859 672 intervenire
887 633 1064 672 discenti.
1126 635 1229 671 Nam
1258 632 1426 682 epistula
1447 631 1649 670 Leonidae

313 713 431 748 quam
467 700 517 737 ad
549 712 612 737 me
647 698 785 736 misisti
820 698 915 748 quid
954 699 1084 745 habet,
1122 712 1280 747 quaeso,
1317 697 1357 735 in
1391 709 1470 746 quo
1505 710 1649 746 magno

313 777 431 813 opere
452 765 674 802 laetemur?
717 765 946 812 Numquam
969 763 1032 802 ille
1055 763 1149 801 mihi
1171 763 1262 801 satis
1283 762 1432 801 laudari
1453 762 1650 800 videbitur

314 842 404 865 cum
426 828 478 867 ita
499 828 732 875 laudabitur,
760 830 873 877 ‘Quo
895 830 1016 867 modo
1037 842 1142 866 nunc
1164 830 1246 867 est.'
1298 829 1391 866 Non
1413 835 1470 866 est
1491 827 1647 865 fidentis
1669 842 1710 865 10

313 895 388 932 hoc
410 894 680 932 testimonium
709 895 777 933 sed
805 894 935 944 potius
963 894 1147 932 timentis.
1209 893 1363 932 Herodi
1389 900 1520 931 autem
1543 906 1649 930 man-

313 960 446 997 daram
483 968 524 998 ut
560 959 654 997 mihi
692 962 783 997 κατὰ
816 961 922 1010 μίτον
952 959 1147 997 scriberet.
1207 960 1243 996 A
1273 971 1352 1007 quo
1381 959 1512 996 adhuc
1542 959 1649 995 nulla

313 1024 439 1062 littera
468 1033 536 1063 est.
596 1027 744 1063 Vereor
774 1038 823 1063 ne
853 1024 950 1062 nihil
980 1023 1160 1062 habuerit
1190 1024 1299 1074 quod
1330 1022 1435 1069 mihi,
1466 1036 1555 1060 cum
1587 1037 1648 1061 co-

312 1104 508 1140 gnossem,
532 1090 748 1128 iucundum
772 1098 924 1139 putaret
946 1091 1037 1128 fore.
1287 1115 1304 1132 χ

267 1166 293 1203 4
367 1156 488 1203 Quod
518 1157 569 1193 ad
605 1157 813 1193 Xenonem
853 1155 1049 1205 scripsisti,
1084 1157 1197 1193 valde
1237 1154 1331 1192 mihi
1370 1162 1522 1204 gratum
1561 1163 1705 1203 est315

312 1219 407 1257 nihil
436 1219 540 1257 enim
567 1221 703 1258 deesse
726 1220 909 1259 Ciceroni
937 1233 1027 1258 cum
1054 1221 1104 1257 ad
1129 1219 1300 1257 officium
1333 1227 1415 1257 tum
1446 1221 1496 1257 ad
1521 1219 1647 1258 existi-

312 1284 527 1322 mationem
569 1298 696 1322 meam
737 1284 915 1334 pertinet.
990 1285 1209 1321 Flammam
1251 1284 1488 1321 Flaminium
1526 1284 1647 1322 audio

313 1351 466 1387 Romae
487 1363 583 1387 esse.
643 1350 707 1387 Ad
728 1363 818 1387 eum
840 1348 975 1399 scripsi
1000 1362 1062 1387 me
1087 1349 1158 1387 tibi
1184 1351 1392 1387 mandasse
1413 1363 1482 1399 per
1500 1349 1646 1387 litteras

311 1422 351 1451 ut
386 1415 435 1452 de
469 1413 651 1451 Montani
682 1414 841 1463 negotio
871 1427 961 1452 cum
992 1427 1040 1452 eo
1074 1415 1287 1463 loquerere,
1321 1421 1358 1452 et
1387 1414 1504 1452 velim
1535 1427 1645 1452 cures

309 1478 515 1528 epistulam
552 1492 670 1529 quam
710 1480 760 1517 ad
799 1492 889 1516 eum
930 1478 1017 1516 misi
1056 1480 1301 1517 reddendam
1337 1486 1375 1516 et
1408 1478 1502 1528 ipse,
1536 1480 1645 1528 quod
1666 1496 1705 1518 20

308 1545 524 1582 commodo
554 1551 622 1581 tuo
653 1545 729 1590 fiat,
762 1558 852 1582 cum
884 1557 931 1582 eo
962 1546 1213 1594 conloquare.
1274 1545 1386 1590 Puto,
1419 1543 1450 1581 si
1480 1543 1575 1593 quid
1606 1543 1644 1581 in

309 1608 470 1647 homine
491 1608 651 1658 pudoris
676 1616 744 1655 est,
767 1616 1052 1659 praestaturum
1079 1622 1170 1647 eum
1195 1622 1245 1647 ne
1273 1622 1358 1647 sero
1385 1622 1476 1646 cum
1497 1610 1645 1647 damno

309 1675 565 1723 dependatur.
628 1676 689 1712 De
710 1673 842 1712 Attica
862 1682 1083 1724 pergratum
1105 1674 1201 1712 mihi
1228 1673 1353 1713 fecisti
1374 1674 1482 1724 quod
1503 1673 1645 1712 curasti

307 1746 399 1777 ante
421 1738 558 1777 scirem
581 1747 684 1778 recte
704 1752 789 1777 esse
809 1753 928 1789 quam
950 1753 1031 1778 non
1052 1740 1154 1778 belle
1174 1738 1304 1778 fuisse.

351 1886 487 1922 XVII
565 1890 633 1921 Ser.
656 1890 688 1920 ιἰι
707 1890 909 1931 Ρουνιχιείιηιο
926 1891 958 1922 iv
974 1890 1061 1922 Non.
1081 1889 1162 1922 Mai.
1183 1901 1212 1922 a.
1236 1901 1293 1930 710
1314 1890 1400 1932 (44).
1663 1903 1678 1924 2
1685 1904 1701 1934 5

716 1978 888 2010 CICERO
915 1979 1097 2010 ATTICO
1128 1978 1235 2012 SAL.

270 2082 287 2109 1
361 2071 409 2107 In
446 2068 732 2118 Pompeianum
767 2067 856 2106 veni
890 2080 915 2105 v
950 2070 1088 2107 Nonas
1128 2068 1266 2115 Maias,
1301 2081 1391 2106 cum
1431 2067 1566 2118 pridie,
1600 2076 1642 2106 ut

306 2141 422 2172 antea
447 2134 498 2172 ad
523 2141 560 2171 te
587 2132 733 2183 scripsi,
758 2132 895 2171 Piliam
924 2133 963 2170 in
986 2134 1169 2172 Cumano
1198 2132 1518 2172 conlocavissem.
1579 2133 1642 2171 Ibi

355 2248 365 2266 r
393 2237 528 2267 laedere
545 2236 666 2267 Orelli:
691 2237 828 2267 laudare
846 2237 919 2269 M1:
943 2237 1070 2268 violare
1089 2236 1145 2267 M2
1293 2248 1311 2274 4
1336 2248 1435 2277 quom
1453 2241 1523 2268 velt.
1544 2249 1551 2268 :
1574 2248 1640 2277 que

307 2281 340 2310 in
362 2279 401 2309 M
514 2291 550 2319 13
572 2291 774 2319 cognossem
800 2280 839 2310 I:
876 2291 1080 2320 cognoscem
1108 2281 1168 2311 M:
1205 2291 1446 2320 cognoscerem
1473 2281 1539 2311 cod.
1561 2281 1640 2311 Bal-

306 2324 457 2355 lt'olensz's,
479 2327 514 2353 nl
530 2324 592 2353 vid.
716 2335 756 2354 22
781 2335 859 2354 sero
878 2335 951 2354 cum
970 2326 1093 2355 damno
1113 2324 1230 2354 Orelli:
1260 2335 1360 2364 spero
1378 2326 1521 2363 quodam
1540 2325 1638 2355 modo

306 2367 367 2397 M:
391 2377 468 2396 sero
488 2366 650 2397 Montano
670 2367 721 2397 Fr.
743 2367 893 2397 Schmidt
1057 2378 1101 2409 24
1125 2372 1160 2399 ut
1170 2371 1247 2409 post
1263 2368 1384 2399 curasti
1401 2368 1476 2399 add.
1497 2362 1541 2399 Zb
1561 2378 1591 2400 v.
1612 2378 1637 2399 c.

306 2409 334 2441 L
354 2412 475 2451 (marg.
498 2434 506 2450 ,
526 2410 632 2449 sedes]
653 2410 750 2441 Fam.
772 2411 802 2441 ii.
820 2412 849 2441 8.
872 2421 885 2441 1
