1827 2798
168 510 185 540 5

148 837 187 860 10

147 1487 186 1509 20

615 129 727 165 ΕΡΡ.
759 128 837 165 AD
866 128 1125 167 ATTICVM
1442 131 1529 168 XV.
1548 129 1656 167 xxvi

207 245 365 276 senatus
399 240 590 277 consulto.
650 239 779 277 Velim
814 239 911 278 scire
945 240 1041 290 quid
1075 240 1133 278 sit.
1193 240 1436 279 Tabellarius
1470 241 1535 280 ille

207 316 326 353 quem
350 302 420 341 tibi
444 303 617 342 dixeram
647 318 711 343 me
736 306 787 343 ad
819 307 983 342 Brutum
1013 318 1098 344 esse
1126 304 1334 344 missurum
1364 305 1404 343 in
1432 308 1535 344 Ana—

205 367 369 417 gninum
389 369 440 406 ad
462 381 524 406 me
540 368 644 406 venit
663 383 711 407 ea
730 378 846 407 noete
862 382 963 418 quae
984 370 1160 419 proxima
1178 378 1270 409 ante
1289 373 1375 409 Kal.
1392 370 1463 409 fuit
1478 370 1535 409 lit-

206 441 386 482 terasque
401 434 452 471 ad
474 447 536 471 me
554 433 707 481 attulit3
736 433 776 471 in
797 434 940 483 quibus
962 448 1083 472 unum
1103 435 1275 473 alienum
1296 449 1450 474 summa
1465 449 1535 474 sua

207 497 424 547 prudentia,
444 497 548 535 idem
570 498 676 544 illud,
700 507 742 536 ut
762 507 937 548 spectem
958 500 1072 538 ludos
1093 513 1195 538 suos.
1247 500 1445 551 Rescripsi
1465 501 1534 539 sci—

207 561 297 599 licet
309 561 478 610 primum
497 575 559 600 me
580 562 656 600 iam
677 564 907 612 profectum,
924 572 966 601 ut
983 578 1056 601 72072
1073 564 1265 614 integrum
1287 565 1360 612 sit3
1388 565 1534 604 deinde

205 627 441 663 ἀτοπώτατον
467 639 553 664 6556
582 640 645 664 me
673 627 741 676 qui
776 629 947 665 Romam
981 629 1144 667 omnino
1178 637 1266 679 post
1300 631 1396 668 haec
1427 643 1534 668 arma

205 704 286 729 non
317 690 548 729 accesserim
580 705 709 741 neque
741 691 781 730 id
815 700 893 730 tam
928 693 1090 742 periculi
1122 693 1199 733 mei
1229 708 1347 732 causa
1375 694 1532 733 fecerim

206 769 325 805 quam
354 755 553 805 dignitatis
582 756 713 794 subito
742 758 794 795 ad
826 758 940 796 ludos
972 758 1112 798 venire,
1184 759 1271 797 Tali
1300 759 1406 798 enim
1439 768 1536 798 tem-

207 833 300 871 pore
321 821 434 858 ludos
455 821 580 859 facere
601 820 655 858 illi
675 822 886 860 honestum
909 829 968 860 est
996 822 1061 861 cui
1087 836 1246 861 necesse
1267 832 1335 871 est,
1359 832 1534 874 spectare

207 885 303 923 mihi
336 893 378 923 ut
416 899 497 924 non
533 893 593 924 est
630 899 791 925 neeesse
829 886 884 924 sic
923 900 972 926 ne
1011 888 1222 926 honestum
1260 888 1423 938 quidem
1461 896 1531 927 est.

208 950 405 1000 Equidem
425 950 511 988 illos
531 950 717 989 celebrari
735 958 776 990 et
796 964 880 989 esse
900 964 1020 1000 quam
1049 952 1287 1001 gratissimos
1309 953 1535 992 mirabiliter

206 1015 324 1065 cupio
345 1015 464 1065 idque
490 1015 543 1053 ita
569 1017 740 1054 futurum
771 1029 855 1054 esse
882 1017 1042 1055 confido
1068 1025 1107 1054 et
1133 1025 1264 1055 tecum
1287 1031 1361 1068 ago
1390 1026 1433 1056 ut
1457 1018 1535 1056 iam

205 1081 257 1118 ab
278 1080 361 1130 ipsa
381 1080 660 1119 commissione
683 1082 734 1120 ad
755 1095 817 1120 me
838 1095 956 1130 quem
976 1083 1028 1119 ad
1050 1083 1214 1120 modum
1232 1083 1475 1132 accipiantur
1495 1083 1535 1121 hi

207 1145 303 1193 ludi,
332 1145 478 1183 deinde
511 1145 646 1183 omnia
675 1145 914 1195 reliquorum
948 1147 1131 1184 ludorum
1170 1146 1209 1183 in
1243 1146 1326 1184 dies
1361 1147 1534 1197 singulos

206 1224 449 1261 persequare.
507 1211 587 1249 Sed
607 1212 657 1249 de
677 1211 779 1249 ludis
800 1212 1000 1249 hactenus.
1048 1211 1217 1261 Reliqua
1238 1225 1323 1261 pars
1344 1212 1534 1262 epistulae
1553 1224 1577 1252 2

205 1284 265 1314 est
288 1276 353 1314 illa
376 1275 538 1326 quidem
565 1275 604 1312 in
632 1284 838 1325 utramque
867 1284 1028 1325 partem,
1051 1278 1120 1314 sed
1149 1284 1281 1314 tamen
1305 1290 1385 1315 non
1406 1279 1534 1315 nullos

206 1340 403 1379 interdum
433 1340 524 1379 iacit
552 1340 743 1390 igniculos
769 1340 896 1378 virilis.
956 1342 1078 1389 Quod
1104 1343 1220 1391 quale
1247 1341 1317 1379 tibi
1342 1341 1537 1380 videretur

207 1413 249 1444 ut
291 1419 426 1456 posses
465 1405 718 1455 interpretari,
760 1404 848 1443 misi
891 1407 941 1443 ad
980 1413 1018 1444 te
1059 1407 1283 1456 exemplum
1322 1406 1537 1456 epistulae;

207 1484 447 1521 quamquam
483 1471 579 1508 mihi
608 1470 831 1509 tabellarius
864 1478 997 1509 noster
1028 1470 1178 1509 dixerat
1207 1471 1277 1509 tibi
1307 1485 1466 1521 quoque
1496 1486 1537 1511 56

206 1536 382 1574 attulisse
421 1535 565 1574 litteras
598 1550 622 1574 a
656 1538 778 1574 Bruto
809 1549 954 1586 easque
986 1537 1037 1574 ad
1068 1543 1106 1574 te
1139 1549 1161 1574 e
1195 1537 1422 1575 Tusculano
1452 1550 1536 1575 esse

206 1602 366 1639 delatas.

262 1667 348 1715 Ego
390 1665 528 1704 itinera
574 1665 629 1704 sic
677 1679 978 1717 composueram
1025 1673 1068 1704 ut
1115 1665 1242 1704 Nonis
1291 1665 1535 1714 Quintilibus
1555 1674 1580 1711 3

208 1730 381 1769 Puteolis
401 1744 529 1769 essem
544 1745 554 1778 3
582 1732 696 1769 valde
724 1732 832 1770 enim
862 1731 1015 1779 festino,
1038 1731 1091 1769 ita
1117 1738 1249 1769 tamen
1273 1739 1315 1769 ut
1341 1739 1534 1781 quantum

148 1811 162 1832 2
207 1797 329 1835 homo
364 1796 486 1846 possit
519 1809 637 1846 quam
669 1796 892 1835 cautissime
922 1796 1113 1847 navigem.
1175 1798 1230 1834 M.
1256 1796 1414 1835 Aelium
1443 1807 1580 1845 cura4

207 1860 390 1899 liberabis
405 1876 414 1908 3
448 1875 511 1899 me
539 1874 687 1911 paucos
717 1862 838 1910 pedes
867 1861 907 1898 in
936 1869 1111 1900 extremo
1140 1862 1265 1900 fundo
1294 1870 1332 1900 et
1361 1875 1429 1900 eos
1454 1861 1537 1911 qui-

207 1928 300 1964 dem
329 1927 601 1965 subterraneos
631 1926 823 1964 servitutis
853 1934 1010 1976 putasse
1037 1926 1188 1976 aliquid
1217 1927 1428 1965 habituros.
1489 1928 1538 1965 Id

253 2040 272 2059 2
296 2030 473 2060 missurum
491 2026 551 2059 Z':
578 2030 717 2059 missum
731 2029 790 2059 M:
815 2040 832 2058 a
848 2039 900 2059 me
919 2053 926 2059 .
949 2054 955 2059 .
976 2030 1133 2059 ‚missum
1149 2030 1237 2069 vulg.
1327 2030 1348 2059 6
1372 2039 1440 2059 non
1457 2029 1534 2060 add.

213 2072 288 2103 Vict.
381 2074 504 2103 deinde
527 2072 733 2112 Wesenbcsg:
772 2073 814 2102 de
839 2083 892 2102 me
917 2072 976 2101 M:
1016 2074 1095 2102 dein
1125 2072 1198 2103 lfict.
1340 2082 1377 2111 15
1403 2073 1434 2102 in
1468 2083 1496 2103 v.
1513 2084 1537 2103 c.

210 2115 237 2145 L
256 2117 394 2156 (marg.)
414 2111 495 2146 Zbl:
529 2127 593 2146 om.
615 2115 655 2144 AM
802 2125 838 2153 17
865 2120 916 2145 est
943 2115 1011 2145 RP
1033 2116 1141 2146 Ant.:
1178 2126 1245 2146 om.
1269 2120 1297 2146 Δ
1399 2117 1538 2155 quidem

212 2154 292 2189 Cth
311 2170 337 2189 v.
355 2172 377 2190 c.
398 2163 442 2189 Σε
467 2170 611 2197 namque
630 2164 657 2188 Δ
762 2163 893 2197 partem
914 2153 994 2188 CZ¹'l
1012 2169 1040 2189 v.
1053 2170 1074 2189 c.
1095 2171 1101 2189 ε
1126 2169 1190 2189 om.
1211 2162 1265 2190 ΣΔ
1431 2169 1470 2189 21
1496 2160 1538 2190 ad

211 2208 243 2232 te
269 2214 286 2232 6
305 2197 368 2232 Zb:
395 2204 436 2232 ad
455 2209 486 2232 te
507 2202 592 2232 OR:
616 2212 633 2231 a
652 2200 692 2230 M
814 2203 856 2230 26
880 2202 950 2232 mel
971 2203 998 2231 is
1015 2212 1068 2232 me
1086 2201 1204 2232 Lantb.
1229 2201 1299 2232 edd.
1319 2214 1326 2233 z
1351 2213 1394 2232 ne
1419 2202 1542 2233 Gurlite

210 2247 316 2285 pedes
338 2246 507 2276 Turnebus
524 2245 680 2285 Alsadvstg:
706 2254 747 2283 pe
766 2241 824 2276 2²:
865 2255 987 2283 specus
1010 2239 1048 2274 Zl
1070 2244 1189 2276 Lamb.
1209 2257 1216 2276 :
1249 2256 1310 2284 spe
1336 2245 1377 2275 M
1498 2256 1538 2285 27

211 2296 346 2328 putasse
371 2289 496 2327 aliquid
523 2288 683 2326 Aladvzsgz
718 2289 805 2325 apud
833 2288 899 2318 tale
924 2288 1005 2326 quid
1030 2288 1086 2319 M:
1122 2293 1217 2327 putet
1245 2289 1372 2327 aliquid
1395 2288 1538 2320 Gurlitt:

210 2332 297 2369 quod
310 2331 379 2362 edd.
401 2331 560 2361 Gronovio
577 2335 704 2361 anctore
718 2331 800 2360 dant
814 2332 1055 2361 subterraneos
1069 2343 1074 2361 :
1099 2333 1271 2362 servitutis
1294 2337 1389 2370 putat
1411 2333 1536 2372 aliquid

210 2376 386 2406 habituros
404 2376 458 2406 vix
471 2377 540 2406 sine
556 2375 646 2406 verbo
662 2375 831 2404 sententiae
841 2375 949 2414 priori
960 2374 1072 2405 addito
1089 2375 1228 2415 intellegi
1235 2378 1341 2415 potest
