1827 2798
209 152 278 188 XI.
302 151 347 186 iv
374 159 402 186 a
681 148 736 183 M.
769 145 938 182 TVLLI
970 144 1277 182 CICERONIS

320 260 393 297 scis
415 273 477 297 me
498 256 667 295 maxime
687 256 786 294 velle
807 267 930 300 cures,
952 259 995 291 ut
1015 252 1152 291 scribis
1171 259 1210 291 et
1229 252 1335 291 facis.
1396 254 1465 291 Me
1486 251 1644 291 conficit

320 324 543 363 sollicitudo
572 334 725 370 ex²qua
754 319 872 357 etiam
904 332 1058 357 summa
1084 318 1288 356 infirmitas
1312 318 1496 368 corporis.
1556 319 1646 366 Qua

319 393 443 427 levata
469 401 535 426 ero
564 399 643 424 una
675 398 764 423 cum
797 397 846 422 eo
877 383 944 433 qui
978 383 1180 432 negotium
1214 383 1310 432 gerit
1341 390 1479 432 estque
1509 382 1548 420 in
1578 395 1647 432 spe

320 467 470 503 magna.
530 454 675 489 Brutus
694 449 845 488 amicus
861 463 870 496 ;
899 449 939 486 in
961 462 1078 486 causa
1098 455 1272 486 versatur
1290 447 1439 485 acriter.

376 521 580 556 Hactenus
601 515 673 553 fuit
694 516 802 565 quod
818 521 933 552 caute
951 527 975 551 a
995 527 1058 551 me
1079 512 1194 551 scribi
1214 520 1358 563 posset.
1415 513 1525 550 Vale.
1586 513 1648 549 De

320 583 510 634 pensione
529 583 662 627 altera,
683 593 754 618 oro
774 587 823 626 te,
839 578 947 616 omni
968 591 1060 616 cura
1081 577 1287 615 considera
1307 575 1403 626 quid
1423 575 1648 615 faciendum

320 649 378 695 sit,
394 656 436 687 ut
456 646 592 697 scripsi
612 646 659 684 iis
678 644 815 683 litteris
835 657 933 694 quas
955 644 1089 681 Pollex
1108 642 1206 681 tulit.

362 787 403 823 V
617 787 685 821 Ser.
703 787 868 819 Brundisi
875 792 925 828 pr.
946 786 1034 818 Non.
1055 785 1139 817 Nov.
1160 796 1190 817 a.
1211 785 1272 825 706
1291 785 1377 826 (48).

741 873 917 905 CICERO
941 872 1112 904 ATTICO
1139 872 1236 903 SAL.

286 968 303 994 1
377 957 490 1004 Quae
517 968 580 993 me
607 967 749 993 causae
778 951 983 998 moverint,
1006 964 1125 1001 quam
1149 950 1324 996 acerbae,
1355 962 1473 999 quam
1503 962 1647 998 graves,

322 1034 440 1070 quam
461 1033 598 1067 novae,
621 1017 900 1068 coegerintque
921 1017 1070 1066 impetu
1096 1015 1217 1065 magis
1245 1016 1419 1065 quodam
1450 1014 1570 1052 animi
1596 1014 1651 1051 uti

323 1098 441 1134 quam
472 1084 722 1134 cogitatione,
752 1096 833 1120 non
863 1094 1025 1131 possum
1055 1082 1106 1118 ad
1136 1088 1174 1118 te
1201 1079 1284 1117 sine
1317 1078 1486 1116 maximo
1516 1079 1652 1116 dolore

323 1150 501 1187 scribere.
562 1150 735 1186 Fuerunt
760 1146 923 1196 quidem
949 1153 1081 1183 tantae
1111 1152 1152 1182 ut
1182 1144 1222 1182 id
1252 1145 1361 1194 quod
1387 1143 1497 1181 vides
1518 1144 1653 1181 effece-

324 1214 408 1251 rint.
469 1215 608 1262 Itaque
638 1225 712 1250 nec
738 1211 835 1261 quid
868 1211 920 1248 ad
954 1218 993 1248 te
1026 1209 1194 1247 scribam
1226 1210 1276 1247 de
1307 1208 1404 1246 meis
1434 1208 1550 1246 rebus
1580 1221 1652 1245 nec

323 1278 419 1328 quid
440 1292 462 1316 a
482 1286 520 1316 te
540 1285 672 1327 petam
694 1276 869 1327 reperiog
898 1289 980 1313 rem
1001 1283 1039 1313 et
1060 1288 1255 1312 summam
1277 1273 1409 1323 negoti
1431 1273 1551 1311 vides.

380 1343 576 1392 Equidem
598 1356 644 1380 ex
670 1342 746 1379 tuis
776 1341 911 1379 litteris
939 1340 1109 1378 intellexi
1139 1347 1177 1377 et
1207 1339 1252 1376 iis
1273 1352 1370 1388 quas
1391 1338 1655 1376 communiter

324 1422 414 1446 cum
434 1407 519 1445 aliis
540 1406 726 1456 scripsisti
747 1414 785 1444 et
806 1405 851 1443 iis
879 1419 976 1455 quas
1006 1413 1076 1442 tuo
1101 1403 1273 1450 nomine,
1298 1404 1406 1453 quod
1428 1402 1545 1441 etiam
1568 1416 1655 1441 mea

325 1481 465 1523 sponte
485 1472 681 1518 videbam,
699 1479 736 1509 te
753 1470 882 1508 subita
898 1484 939 1508 re
954 1469 1064 1519 quasi
1081 1467 1330 1507 debilitatum
1348 1481 1469 1506 novas
1486 1467 1655 1506 rationes

281 1537 461 1576 2tuendi
496 1537 571 1575 mei
611 1549 807 1586 quaerere.
886 1535 1008 1584 Quod
1046 1533 1182 1572 scribis
1222 1536 1376 1584 placere
1415 1543 1457 1572 ut
1496 1535 1655 1585 propius

324 1604 512 1640 accedam
539 1601 689 1650 iterque
719 1614 788 1650 per
811 1599 959 1649 oppida
986 1607 1106 1638 noctu
1132 1599 1285 1646 faciam,
1308 1614 1389 1638 non
1417 1614 1511 1638 sane
1540 1600 1656 1638 video
1680 1617 1692 1637 2

326 1681 443 1717 quem
477 1668 528 1705 ad
568 1667 733 1704 modum
768 1665 807 1703 id
840 1665 921 1703 fieri
953 1665 1086 1715 possit.
1167 1668 1309 1716 Neque
1341 1666 1445 1704 enim
1482 1666 1534 1704 ita
1567 1674 1657 1716 apta

327 1733 456 1770 habeo
479 1731 700 1770 deversoria
724 1738 765 1768 ut
787 1738 868 1769 tota
889 1738 1066 1780 tempora
1088 1732 1227 1771 diurna
1255 1732 1293 1769 in
1315 1732 1360 1770 iis
1390 1732 1538 1782 possim
1569 1745 1658 1769 con-

328 1810 492 1843 sumere,
524 1809 654 1845 neque
682 1797 732 1833 ad
763 1795 802 1833 id
833 1798 941 1846 quod
971 1798 1124 1847 quaeris
1154 1799 1320 1835 multum
1346 1797 1505 1835 interest
1528 1805 1657 1835 utrum

330 1876 392 1900 me
412 1861 593 1899 homines
620 1861 659 1898 in
684 1861 834 1911 oppido
865 1863 1023 1901 videant
1048 1876 1097 1900 an
1126 1862 1165 1899 in
1192 1862 1263 1899 via.
1325 1863 1402 1900 Sed
1424 1870 1556 1900 tamen
1583 1863 1658 1900 hoc

329 1927 457 1977 ipsum
496 1927 595 1964 sicut
629 1926 703 1964 alia
742 1928 1004 1966 considerabo
1038 1941 1157 1977 quem
1195 1928 1247 1965 ad
1287 1928 1449 1964 modum
1486 1940 1659 1965 commo-
1683 1944 1695 1964 2

329 1992 489 2030 dissime
507 1991 585 2029 fieri
608 2006 724 2042 posse
745 1993 932 2031 videatur.

285 2066 310 2102 3
386 2059 470 2107 Ego
490 2066 648 2107 propter
669 2058 940 2097 incredibilem
972 2066 1009 2097 et
1036 2057 1157 2096 animi
1185 2065 1222 2096 et
1243 2057 1417 2107 corporis
1440 2056 1658 2096 molestiam

330 2124 524 2160 conficere
564 2123 682 2173 pluris
723 2124 867 2162 litteras
908 2137 988 2161 non
1028 2122 1163 2172 potui3
1206 2122 1250 2160 iis
1291 2130 1443 2160 tantum
1483 2121 1660 2171 rescripsi

331 2203 352 2225 a
382 2188 525 2238 quibus
549 2202 790 2239 acceperam.
851 2191 913 2226 Tu
940 2188 1054 2226 velim
1086 2196 1124 2226 et
1155 2187 1286 2225 Basilo
1316 2195 1354 2225 et
1384 2186 1528 2236 quibus
1555 2200 1661 2236 prae-

381 2303 393 2322 ῐ
421 2298 453 2322 et
474 2292 591 2323 Orelli:
617 2297 651 2323 ut
671 2292 710 2322 M
837 2302 855 2330 3
880 2291 1010 2321 levatus
1033 2290 1078 2320 W
1204 2301 1222 2329 4
1242 2293 1317 2330 post
1333 2290 1461 2320 amicus
1477 2289 1594 2320 addere
1609 2295 1661 2320 est

333 2337 402 2366 vult
420 2336 521 2366 Orelli
579 2336 611 2365 in
630 2347 696 2366 om.
715 2335 760 2364 W
834 2346 844 2364 1
856 2346 866 2364 ῐ
886 2335 1029 2374 quodam
1044 2334 1245 2364 Ascenssus:
1269 2344 1379 2363 coram
1400 2333 1444 2362 W
1454 2333 1541 2364 codd.
1625 2343 1661 2371 13

334 2385 448 2410 tantae
466 2384 501 2409 ut
517 2379 605 2418 vulg.
621 2391 628 2410 z
652 2383 747 2409 tanta
775 2379 825 2409 vel
839 2383 931 2409 tanta
949 2378 1050 2416 (mm)
1069 2378 1173 2414 enim)
1191 2377 1251 2407 suit
1270 2376 1411 2406 chodd.
1487 2377 1661 2406 effecerint

340 2422 501 2453 WORP:
527 2423 714 2452 effecerunt
732 2427 758 2452 Δ
884 2422 920 2451 18
945 2422 1055 2451 subita
1074 2431 1109 2451 re
1125 2421 1221 2458 quasi
1241 2419 1334 2450 CW:
1357 2420 1419 2450 sub
1439 2419 1502 2457 (vel
1516 2420 1603 2450 subi,
1626 2418 1667 2448 M

335 2466 557 2506 idemquefi’re
572 2465 671 2496 ORP
738 2475 777 2504 27
798 2464 1030 2495 incredibilem
1043 2475 1107 2494 om.
1128 2462 1173 2492 W
1237 2473 1279 2502 29
1300 2463 1404 2493 basilo
1421 2462 1473 2495 W:
1494 2463 1612 2493 basilio
1626 2461 1665 2492 JV!

1674 963 1712 986 10
