1827 2798
222 118 331 155 XVI.
349 117 380 154 ii
726 115 783 152 M.
816 112 985 150 TVLLI
1017 110 1326 150 CICERONIS

411 230 472 267 De
502 225 671 265 Publilio
699 232 845 270 autem,
874 223 985 272 quod
1011 222 1198 272 perscribi
1228 230 1392 272 oportet,
1426 236 1576 261 moram
1608 235 1690 260 non

354 301 452 343 puto
484 305 568 330 esse
600 290 833 328 faciendam.
894 288 973 326 Sed
1004 300 1094 325 cum
1129 287 1264 325 videas
1298 296 1489 337 quantum
1524 289 1574 326 de
1608 287 1691 325 iure

356 365 491 396 nostro
512 354 797 394 decesserimus
818 352 885 403 qui
913 354 964 391 de
991 352 1157 390 residuis
1179 364 1280 390 CCCC
1302 354 1373 391 HS
1395 352 1444 390 (ῗὸ
1470 352 1690 402 praesentia

356 421 597 467 solverimus,
621 419 770 469 reliqua
799 418 1069 463 rescribamus,
1094 417 1203 468 loqui
1232 431 1323 456 cum
1354 431 1413 465 eo,
1435 417 1467 455 si
1497 416 1567 455 tibi
1587 417 1691 455 vide-

357 486 471 533 bitur,
500 484 645 536 poteris
673 497 763 522 eum
791 484 1050 521 commodum
1076 491 1254 520 nostrum
1282 491 1506 532 exspectare
1532 483 1689 530 debere,
1711 499 1727 531 5

312 566 338 592 2
358 565 448 590 cum
479 558 587 588 tanta
616 549 663 587 sit
693 562 716 587 a
745 548 860 587 nobis
890 547 1037 585 iactura
1066 548 1168 585 facta
1197 547 1299 586 iuris.
1359 549 1437 586 Sed
1466 547 1610 585 amabo
1641 555 1690 594 te,

358 616 410 655 mi
444 616 584 657 Attice,
618 614 798 665 (videsne
833 626 952 662 quam
988 613 1133 650 blande
1147 614 1190 660 ?)‚
1221 612 1355 651 onmia
1384 621 1526 658 nostra,
1560 613 1693 662 quoad

357 681 431 720 eris
472 683 636 727 Romae,
677 679 731 717 ita
767 678 901 728 gerito,
942 677 1078 727 regito,
1116 678 1335 728 gubernato
1366 686 1408 716 ut
1443 677 1540 715 nihil
1572 691 1596 716 a
1630 691 1693 715 me

357 753 571 796 exspectes.
632 745 886 793 Quamquam
925 741 1031 781 enim
1065 742 1215 792 reliqua
1253 742 1345 781 satis
1383 751 1475 792 apta
1513 750 1604 781 sunt
1641 743 1693 780 ad

359 812 608 858 solvendum,
621 818 753 848 tamen
772 809 814 846 fit
835 821 952 857 saepe
972 815 1014 845 ut
1035 807 1060 845 ii
1077 807 1143 857 qui
1161 808 1309 846 debent
1325 821 1406 846 non
1427 809 1694 858 respondeant
1714 825 1753 848 10

359 879 411 916 ad
441 885 607 926 tempus.
668 875 708 913 Si
738 873 834 924 quid
863 873 946 912 eius
977 872 1087 912 modi
1115 873 1311 921 acciderit,
1338 887 1388 912 ne
1417 873 1514 924 quid
1545 873 1616 911 tibi
1646 873 1695 912 sit

361 944 466 981 fama
491 955 579 980 mea
607 939 749 991 potius.
809 940 903 977 Non
930 939 1052 977 modo
1078 952 1234 976 versura
1260 952 1395 977 verum
1421 938 1539 977 etiam
1564 938 1696 977 vendi-

362 1007 483 1054 tione,
505 1006 535 1044 si
557 1006 609 1044 ita
629 1019 689 1044 res
709 1011 834 1054 coget,
857 1017 930 1042 nos
950 1003 1180 1041 vindicabis.

318 1084 343 1121 3
418 1074 541 1110 Bruto
572 1079 662 1109 tuae
694 1069 843 1107 litterae
873 1076 1004 1118 gratae
1029 1075 1148 1106 erant.
1209 1068 1282 1107 Fui
1313 1068 1419 1107 enim
1445 1070 1552 1119 apud
1583 1068 1693 1107 illum

363 1138 505 1175 multas
526 1137 641 1174 horas
662 1134 702 1172 in
719 1134 878 1180 Neside,
895 1147 986 1171 cum
1003 1135 1121 1183 paulo
1141 1141 1232 1172 ante
1252 1141 1338 1172 tuas
1359 1134 1505 1172 litteras
1525 1133 1695 1184 accepis·
1717 1152 1752 1184 15

363 1215 457 1240 sem.
518 1199 715 1239 Delectari
744 1198 841 1236 mihi
870 1200 998 1236 Tereo
1028 1198 1233 1236 videbatur
1262 1206 1299 1237 et
1330 1199 1475 1237 habere
1506 1198 1694 1237 maiorem

363 1266 489 1305 Accio
505 1278 624 1315 quam
638 1263 815 1302 Antonio
831 1262 1004 1312 gratiam.
1048 1262 1148 1299 Mihi
1169 1270 1300 1300 autem
1320 1277 1393 1312 quo
1413 1264 1573 1302 laetiora
1592 1273 1694 1310 sunt,

365 1345 413 1370 eo
434 1332 521 1381 plus
542 1328 736 1368 stomachi
751 1335 789 1366 et
806 1327 1008 1366 molestiae
1024 1335 1082 1365 est
1103 1329 1292 1377 populum
1312 1329 1539 1366 Romanum
1558 1342 1698 1367 manus

366 1409 455 1434 suas
485 1408 566 1433 non
593 1393 633 1431 in
659 1393 913 1432 defendenda
938 1406 978 1429 re
1005 1391 1163 1441 publica
1189 1393 1259 1430 sed
1286 1392 1326 1429 in
1353 1394 1580 1442 plaudendo
1607 1408 1699 1432 con-

367 1473 531 1499 sumere.
611 1457 713 1496 Mihi
752 1457 914 1507 quidem
953 1456 1134 1495 videntur
1172 1456 1335 1494 istorum
1374 1457 1495 1495 animi
1537 1458 1697 1498 incendi
1718 1474 1757 1497 20

368 1527 486 1564 etiam
507 1525 557 1563 ad
579 1523 949 1574 repraesentandam
970 1520 1263 1571 improbitatem
1285 1536 1407 1560 suam.
1467 1524 1545 1561 Sed
1565 1531 1698 1563 tamen

512 1591 628 1628 ‘dum
650 1589 772 1626 modo
792 1588 953 1625 doleant
973 1586 1133 1636 aliquid,
1156 1588 1317 1625 doleant
1338 1587 1554 1637 quidlibet!

322 1667 350 1704 4
426 1654 646 1695 Consilium
681 1665 814 1690 meum
853 1652 962 1701 quod
1000 1650 1057 1688 ais
1096 1651 1241 1690 cotidie
1280 1652 1403 1702 magis
1436 1653 1585 1691 laudari
1618 1667 1699 1692 non

370 1722 534 1759 moleste
556 1721 636 1757 fero
657 1717 1016 1767 exspectabamque
1036 1716 1067 1753 si
1090 1716 1186 1766 quid
1208 1718 1258 1755 de
1279 1730 1326 1755 eo
1346 1718 1398 1755 ad
1419 1731 1481 1756 me
1497 1718 1696 1757 scriberes.
1822 1714 1827 1813 ι

371 1788 457 1835 Ego
496 1784 601 1822 enim
640 1783 679 1821 in
718 1781 844 1820 varios
883 1794 1085 1819 sermones
1124 1780 1359 1819 incidebam.
1438 1782 1547 1830 Quin
1581 1783 1698 1821 etiam
1720 1797 1758 1829 ²5

371 1850 517 1889 idcirco
538 1849 742 1887 trahebam
767 1854 808 1884 ut
836 1859 956 1896 quam
982 1844 1200 1883 diutissime
1227 1845 1420 1895 integrum
1450 1855 1561 1885 esset.
1621 1850 1700 1886 Sed

371 1914 558 1966 quoniam
590 1912 739 1951 furcilla
769 1911 1023 1955 extrudimur,
1053 1910 1304 1948 Brundisium
1335 1911 1476 1960 cogito.
1536 1912 1703 1951 Facilior

371 1980 477 2019 enim
508 1987 546 2017 et
575 1977 810 2028 exploratior
838 1975 1027 2014 devitatio
1057 1974 1253 2024 legionum
1290 1976 1371 2014 fore
1400 1976 1554 2015 videtur
1583 1991 1703 2027 quam

372 2046 583 2097 piratarum
614 2044 681 2094 qui
710 2056 897 2093 apparere
927 2041 1121 2079 dicuntur.

427 2110 574 2149 Sestius
614 2122 654 2147 Vl
696 2110 792 2147 Idus
830 2107 1128 2157 exspectabatur
1166 2108 1236 2145 sed
1274 2121 1355 2146 non
1388 2116 1556 2156 venerat,
1593 2110 1702 2159 quod
1723 2123 1763 2154 30

375 2176 505 2214 sciam.
567 2175 725 2214 Cassius
748 2187 837 2211 cum
859 2172 1062 2211 classicula
1082 2185 1152 2209 sua
1171 2180 1338 2210 venerat.
1400 2175 1484 2223 Ego
1505 2188 1594 2212 cum
1612 2188 1699 2212 eum

376 2241 571 2287 vidissem,
588 2253 612 2276 v
635 2242 692 2277 Id.
713 2240 752 2277 in
771 2237 1056 2287 Pompeianum
1078 2236 1310 2286 cogitabam,
1330 2237 1422 2276 inde
1442 2241 1700 2278 Aeculanum.

420 2355 440 2383 3
463 2344 520 2382 qui
538 2344 578 2373 dc
597 2343 740 2372 residuis
755 2342 848 2371 Man.
868 2353 874 2371 z
898 2341 977 2380 quid
996 2350 1072 2370 eres
1091 2339 1131 2369 Μ
1243 2350 1278 2380 17
1303 2351 1370 2380 quo
1387 2341 1461 2374 add,
1476 2343 1562 2384 vulg
1667 2354 1705 2383 ¹9

377 2388 570 2428 plaudendo
590 2381 656 2416 CZl
672 2397 698 2417 v.
715 2397 737 2417 c.
757 2386 784 2416 L
804 2386 942 2425 gmarg.)
961 2396 966 2414 :
991 2384 1157 2414 laudando
1175 2386 1229 2414 ΣΔ
