1827 2798
172 134 293 181 XIII.
313 143 406 181 xxii
691 143 747 179 M.
780 140 950 179 TVLLI
982 137 1290 178 CICERONJS

280 265 305 292 2
326 255 398 294 mis
420 254 524 293 enirn
547 253 622 292 tuis
650 252 785 290 litteris
812 251 982 301 primum
1010 257 1048 289 te
1072 250 1113 289 id
1133 263 1214 289 non
1234 251 1340 290 nolle
1359 249 1536 301 cognovi.
1597 251 1659 289 De

326 321 517 358 Marcello
556 317 761 367 scripserat
799 317 850 355 ad
890 330 953 354 me
985 314 1144 355 Cassius
1181 323 1308 363 antea,
1343 317 1390 355 τὰ
1427 317 1519 354 κατὰ
1551 316 1661 366 μέρος

282 384 492 423 3Servius.
563 383 599 422 O
638 396 719 420 rem
757 382 967 420 acerbam!
1039 382 1103 419 Ad
1141 380 1266 431 prima
1306 382 1436 420 redeo.
1509 380 1660 431 Scripta

324 456 455 487 nostra
476 461 672 498 nusquam
703 448 808 485 malo
837 460 922 485 esse
943 459 1061 496 quam
1091 447 1199 496 apud
1226 452 1273 493 te,
1297 447 1367 485 sed
1388 459 1433 485 ea
1453 453 1536 484 tum
1557 447 1659 484 foras

322 513 405 552 dari
426 527 517 551 cum
545 512 699 562 utrique
726 520 904 550 nostrum
925 511 1131 550 videbitur.
1191 513 1277 561 Ego
1306 518 1344 550 et
1367 511 1543 549 librarios
1570 518 1658 550 tuos
1679 524 1694 555 ζ

323 580 438 629 culpa
459 578 583 616 libero
603 591 734 627 neque
755 585 793 615 te
819 589 963 615 accuso
991 583 1029 614 et
1053 583 1186 614 tamen
1209 576 1316 615 aliud
1337 575 1527 626 quiddam
1549 577 1599 614 ad
1620 583 1658 614 te

322 644 563 694 scripseram,
584 643 815 683 Caerelliam
837 643 1032 692 quaedam
1054 643 1189 679 habere
1207 655 1304 691 quae
1323 643 1401 680 m‘si
1416 656 1440 679 a
1462 647 1495 679 te
1514 641 1658 680 habere

322 722 404 748 non
435 709 616 760 potuerit.
677 709 804 747 Balbo
835 708 997 759 quidem
1032 707 1308 757 intellegebam
1341 715 1399 746 sat
1432 707 1658 746 faciendum

322 774 452 820 fuisse,
487 782 639 812 tantum
679 775 863 812 nolebam
896 781 963 812 aut
1001 773 1225 811 obsoletum
1266 775 1388 812 Bruto
1426 780 1493 811 aut
1532 773 1658 811 Balbo

324 838 553 877 incohatum
583 838 677 878 dari.
735 838 913 885 Varroni,
944 837 1059 876 simul
1089 851 1134 875 ac
1164 845 1202 875 te
1228 837 1374 884 videro,
1403 837 1434 875 si
1464 837 1535 876 tibi
1555 836 1659 876 vide-

324 904 437 952 bitur,
455 904 618 943 mittam.
670 904 779 953 Quid
799 912 932 942 autem
953 903 1177 949 dubitarim,
1194 916 1285 941 cum
1305 902 1440 941 videro
1460 910 1509 950 te,
1528 902 1637 941 scies.

276 977 302 1014 4
377 969 599 1008 Attributos
630 970 739 1019 quod
772 970 945 1019 appellas
984 969 1098 1005 valde
1136 967 1270 1017 probe.
1329 969 1388 1005 Te
1417 969 1468 1006 de
1497 967 1658 1017 praedio

324 1034 448 1073 Oviae
469 1033 637 1072 exerceri
658 1035 823 1072 moleste
844 1035 936 1071 fero.
998 1034 1059 1070 De
1082 1034 1204 1070 Bruto
1231 1040 1366 1070 nostro
1390 1032 1655 1082 perodiosum‚

323 1101 394 1138 sed
414 1099 492 1137 vita
519 1101 601 1137 fert.
663 1098 850 1136 Mulieres
880 1105 1012 1136 autem
1042 1097 1105 1135 vix
1134 1097 1226 1135 satis
1256 1098 1429 1135 humane
1459 1110 1560 1146 quae
1589 1096 1658 1134 ini-

323 1165 429 1203 mico
447 1164 582 1203 animo
602 1166 737 1210 ferant,
760 1177 851 1201 cum
871 1164 912 1200 in
937 1170 1101 1212 utraque
1122 1162 1252 1201 officio
1278 1170 1421 1212 pareat.
1480 1162 1656 1200 Tullium
1700 1178 1714 1209 ς

324 1229 492 1268 scribam
520 1229 617 1267 nihil
644 1229 715 1266 fuit
736 1229 844 1278 quod
871 1229 1111 1277 appellares;
1145 1241 1237 1264 nam
1258 1226 1329 1265 tibi
1354 1228 1604 1265 mandassem
1626 1226 1657 1265 si

322 1295 469 1333 fuisset.
531 1294 639 1332 Nihil
671 1293 776 1331 enim
808 1300 865 1331 est
903 1293 1010 1342 apud
1041 1306 1132 1330 eum
1163 1291 1336 1341 positum
1371 1291 1533 1329 nomine
1563 1291 1654 1337 voti,

322 1361 391 1399 sed
419 1367 477 1398 est
504 1359 695 1408 quiddam
724 1359 830 1408 apud
859 1358 969 1395 illum
1000 1371 1143 1395 meum.
1204 1358 1253 1395 Id
1282 1370 1355 1407 ego
1381 1356 1421 1394 in
1449 1358 1551 1394 hanc
1575 1370 1656 1394 rem

322 1424 439 1463 statui
466 1425 652 1462 conferre.
713 1424 853 1472 Itaque
883 1429 921 1460 et
951 1436 1023 1472 ego
1053 1430 1157 1460 recte
1186 1422 1258 1460 tibi
1288 1422 1366 1460 dixi
1391 1422 1459 1460 ubi
1483 1429 1595 1467 esset,
1618 1430 1656 1461 et

321 1488 392 1527 tibi
424 1488 487 1526 ille
521 1495 625 1526 recte
655 1487 821 1537 negavit.
881 1488 959 1526 Sed
998 1488 1075 1526 hoc
1108 1501 1268 1538 quoque
1302 1487 1431 1538 ipsum
1465 1487 1655 1526 continuo

320 1553 554 1592 adoriamur.
615 1554 768 1590 Lucum
803 1551 1031 1590 hominibus
1063 1566 1143 1591 non
1175 1566 1269 1592 sane
1303 1554 1428 1604 probo
1458 1554 1567 1603 quod
1599 1560 1656 1591 est

321 1618 520 1665 desertior,
544 1619 613 1656 sed
641 1617 760 1656 habet
786 1618 968 1670 εὐλογίαν.
1027 1620 1176 1657 Verum
1207 1621 1284 1658 hoc
1309 1632 1468 1669 quoque
1498 1626 1539 1656 ut
1569 1631 1657 1656 cen-

321 1682 453 1729 sueris,
477 1682 624 1732 quippe
654 1682 721 1732 qui
750 1682 894 1720 omnia.
955 1685 1052 1733 Ego,
1080 1692 1123 1722 ut
1153 1684 1349 1731 constitui,
1381 1686 1512 1731 adero,
1538 1692 1656 1733 atque

321 1747 472 1786 utinam
507 1755 549 1785 tu
584 1761 744 1797 quoque
782 1749 925 1787 eodem
964 1749 1051 1788 die!
1109 1751 1177 1789 Sin
1217 1752 1313 1802 quid
1345 1752 1485 1801 (multa
1518 1750 1653 1800 enim),

320 1812 457 1862 utique
477 1812 675 1861 postridie.
737 1813 896 1851 Etenim
917 1816 1131 1854 coheredes
1152 1820 1198 1856 †a
1218 1816 1305 1866 quis
1326 1816 1409 1854 sine
1430 1823 1467 1854 te
1487 1814 1656 1865 opprimi
1701 1829 1712 1835 ·

274 1887 301 1927 5
320 1877 458 1915 militia
477 1882 571 1916 est†.
630 1877 773 1916 Alteris
794 1878 871 1916 iam
894 1879 1029 1918 litteris
1050 1880 1146 1918 nihil
1166 1883 1217 1920 ad
1239 1894 1302 1919 me
1321 1883 1365 1918 de
1384 1880 1525 1918 Attica.
1577 1881 1655 1918 Sed

318 1942 359 1981 id
391 1942 553 1993 quidem
587 1942 627 1980 in
658 1942 807 1993 optima
838 1958 906 1994 spe
936 1959 1043 1995 pono
1058 1960 1068 1993 3
1108 1946 1204 1984 illud
1233 1959 1378 1984 accuso
1406 1959 1487 1983 non
1517 1952 1555 1983 te
1585 1945 1655 1983 sed

360 2058 380 2087 3
405 2048 435 2079 O
455 2048 542 2080 Crat.
563 2061 591 2081 v.
610 2061 632 2082 c.
655 2050 682 2080 L
703 2051 842 2090 (manga)
863 2050 977 2081 codices
993 2051 1094 2081 Bosi:
1118 2063 1184 2082 om.
1204 2055 1257 2082 ΣΔ
1380 2061 1399 2090 5
1423 2051 1593 2081 videbitur
1611 2050 1655 2081 Ol

316 2092 407 2132 vulg.
421 2103 427 2122 z
448 2093 582 2123 vibetur
595 2094 654 2125 M:
678 2095 813 2124 iubetur
825 2093 946 2125 Rom:
968 2095 1102 2125 videtur
1118 2095 1306 2136 IVesenloerg
1395 2105 1412 2134 7
1430 2095 1555 2125 habere
1567 2105 1654 2134 quae

317 2136 380 2165 nisi
398 2147 416 2166 a
432 2141 465 2166 te
478 2136 689 2168 IAscensius
705 2150 711 2169 ε
737 2149 802 2168 om.
820 2137 906 2169 codd.
1003 2139 1023 2168 8
1045 2144 1096 2169 sat
1115 2139 1217 2170 CMv,
1230 2150 1268 2170 c,:
1295 2139 1376 2169 satis
1393 2139 1562 2177 vett.‚fm¹t.
1581 2142 1656 2168 recle

320 2189 358 2208 12
384 2180 486 2217 probo
511 2180 652 2221 Wffllfflm
806 2191 844 2220 13
870 2181 975 2212 Oviae
992 2181 1136 2212 Scln'itc:
1166 2182 1240 2213 avie
1258 2182 1300 2212 M
1440 2192 1477 2221 14
1498 2186 1572 2222 pasl
1585 2183 1653 2212 vita

317 2222 432 2253 addere
448 2225 493 2254 ita
510 2226 581 2255 vult
596 2226 711 2256 Baiter
778 2225 946 2255 humanae
964 2229 1034 2256 velt.
1105 2226 1220 2264 iniquo
1236 2225 1360 2266 Stangl
1459 2235 1496 2264 15
1523 2226 1555 2255 in
1574 2225 1649 2255 add.

320 2265 422 2296 Orelli
567 2279 604 2299 21
632 2268 839 2307 hominibus]
864 2268 1014 2299 Othonis
1031 2269 1081 2300 Fr.
1098 2268 1270 2300 Schmidt:
1298 2269 1434 2300 omnino
1452 2269 1554 2299 Reid:
1579 2272 1654 2308 post

318 2310 484 2341 desertior
502 2314 705 2352 transposuit
718 2312 841 2343 Srlziitz
857 2316 885 2341 et
901 2313 941 2342 ab
954 2313 1107 2353 praefigit
1207 2315 1249 2343 26
1272 2313 1388 2343 militia
1404 2312 1491 2343 codd.
1505 2312 1526 2341 I
1538 2312 1627 2351 vulg.
1644 2323 1651 2341 :

318 2353 498 2384 molestum
524 2360 577 2386 est
600 2356 714 2386 Koch:
748 2357 855 2386 Iocum
880 2357 924 2386 ita
945 2357 1071 2396 refingit
1098 2355 1220 2396 Tyrrell
1242 2357 1307 2387 coll.
1325 2367 1380 2387 xv.
1401 2358 1450 2386 26.
1471 2368 1489 2394 4
1516 2355 1650 2385 Etenim

319 2397 507 2429 coheredes
527 2399 582 2437 (sc.
595 2410 629 2429 eo
640 2399 689 2429 die
698 2399 952 2438 adfittnm'sunt)
969 2410 976 2429 ε
1004 2410 1022 2429 a
1039 2400 1160 2439 quibus
1181 2400 1255 2431 sine
1269 2404 1326 2430 tua
1342 2399 1485 2439 opprimi
1502 2398 1627 2429 malitia
1643 2401 1648 2430 ἔ

319 2441 460 2480 (malitia
476 2453 515 2472 ex
530 2441 562 2482 l)
582 2442 643 2473 Est
669 2442 784 2473 alteris
896 2444 938 2473 de
955 2442 1031 2473 add.
1051 2446 1121 2473 vett.
