1827 2798
110 547 128 580 5

91 871 129 893 10

91 1516 128 1537 20

551 165 664 203 EPP.
696 165 773 202 AD
802 162 1063 202 ATTICVM
1390 162 1484 199 XII.
1504 161 1581 197 xxi

149 276 393 314 consulerem
421 274 505 325 ipse
531 274 796 313 indicaverim.
855 275 970 323 Quae
993 272 1128 312 omnia
1153 271 1245 323 quia
1267 272 1368 311 Cato
1397 273 1477 310 lau-

148 341 264 379 dibus
285 342 472 379 extulerat
488 340 528 378 in
544 342 697 378 caelum
717 339 1074 391 perscribendaque
1094 345 1309 384 censuerat,
1327 336 1475 375 idcirco

147 405 188 444 in
209 405 291 443 eius
313 404 549 443 sententiam
570 412 628 443 est
648 406 750 442 facta
774 404 972 443 discessio.
1034 403 1116 441 Hic
1141 410 1273 441 autem
1295 416 1335 440 se
1356 401 1474 440 etiam

148 470 317 508 tribuere
337 472 504 508 multum
526 470 579 508 mi
600 478 711 520 putat
737 470 846 519 quod
873 467 1068 517 scripserit
1092 467 1308 517 ‘optimum
1335 479 1474 504 consu-

147 536 248 574 lem.’
306 535 406 584 Quis
433 534 538 573 enim
566 534 732 572 ieiunius
759 534 855 572 dixit
882 533 1092 572 inimicus?
1147 533 1214 570 Ad
1235 540 1362 569 cetera
1382 544 1474 569 vero

147 599 219 638 tibi
239 613 357 649 quem
377 601 429 638 ad
450 601 614 637 modum
642 598 836 647 rescripsit
854 601 860 636 ἶ
918 599 1092 635 Tantum
1116 604 1225 646 rogat
1245 597 1295 634 de
1316 603 1473 633 senatus

146 666 329 702 consulto
344 672 387 702 ut
403 664 581 713 corrigas.
629 665 722 701 Hoc
736 662 897 712 quidem
914 662 1079 707 fecisset,
1096 661 1214 699 etiam
1231 660 1262 698 si
1277 675 1301 697 cz
1318 659 1474 699 librario

147 728 373 766 admonitus
394 736 506 765 esset.
566 728 645 765 Sed
666 729 763 765 haec
784 727 924 764 iterum
945 726 1029 776 ipse
1049 725 1198 763 viderit.

202 794 265 830 De
285 792 406 829 hortis
426 791 614 841 quoniam
635 792 790 840 probas,
814 792 923 829 effice
943 790 1104 840 aliquid.
1155 789 1348 828 Rationes
1368 802 1475 828 meas
1494 797 1518 824 2

146 856 261 895 nosti.
320 856 360 894 Si
381 869 472 894 vero
502 856 620 894 etiam
640 869 663 893 a
683 855 849 893 Faberio
880 854 1029 904 aliquid
1054 855 1201 893 recedit
1221 854 1318 892 nihil
1344 853 1474 903 negoti

148 929 217 960 est.
275 922 353 959 Sed
373 920 491 958 etiam
512 920 595 959 sine
622 933 670 958 eo
696 933 812 970 posse
832 919 968 957 videor
994 921 1245 958 contendere.
1305 920 1475 956 Venales

148 994 251 1025 certe
277 993 369 1024 sunt
396 985 526 1033 Drusi,
549 987 712 1024 fortasse
739 984 857 1023 etiam
885 983 1065 1022 Lamiani
1089 991 1128 1022 et
1148 982 1338 1022 Cassiani.
1397 984 1474 1021 Sed

148 1065 290 1089 coram.

203 1117 266 1154 De
291 1115 477 1154 Terentia
505 1128 587 1153 non
615 1127 778 1165 possum
807 1113 1058 1152 commodius
1087 1113 1255 1151 scribere
1284 1125 1402 1162 quam
1432 1118 1475 1149 tu
1494 1117 1518 1153 3

149 1180 295 1218 scribis.
354 1180 539 1218 Officium
574 1179 623 1217 sit
656 1178 771 1217 nobis
804 1178 1134 1228 antiquissimum.
1194 1177 1234 1215 Si
1268 1177 1363 1226 quid
1401 1189 1474 1214 nos

146 1244 334 1291 fefellerit,
352 1243 453 1281 illius
474 1245 579 1281 malo
599 1257 663 1282 me
679 1257 797 1293 quam
819 1243 896 1281 mei
916 1243 1126 1293 paenitere.
1172 1242 1296 1281 Oviae
1310 1243 1355 1281 C.
1371 1240 1473 1279 Lolli
1491 1249 1518 1288 4

146 1310 318 1346 curanda
339 1315 430 1346 sunt
451 1309 522 1346 HS
543 1320 578 1346 C.
624 1309 752 1358 Negat
775 1310 873 1346 Eros
894 1321 1010 1358 posse
1031 1307 1114 1346 sine
1131 1320 1204 1354 me,
1221 1307 1350 1353 credo,
1366 1307 1475 1356 quod

145 1373 375 1423 accipienda
394 1372 526 1422 aliqua
546 1372 595 1410 sit
611 1380 649 1410 et
665 1374 798 1411 danda
817 1372 1049 1410 aestimatio.
1095 1373 1250 1409 Vellem
1272 1370 1342 1409 tibi
1363 1370 1477 1409 dixis-

146 1445 215 1476 set.
273 1437 313 1476 Si
333 1437 439 1475 enim
460 1450 520 1475 res
541 1444 600 1475 est
626 1444 669 1475 ut
696 1436 793 1474 mihi
820 1436 973 1486 scripsit
997 1444 1131 1486 parata
1155 1449 1229 1474 nec
1253 1435 1293 1473 in
1314 1448 1361 1473 eo
1389 1435 1475 1485 ipso

146 1502 342 1549 mentitur,
364 1515 434 1552 per
462 1509 500 1540 te
530 1501 673 1540 confici
702 1501 840 1551 potuit.
902 1502 951 1540 Id
978 1514 1193 1551 cognoscas
1223 1507 1261 1538 et
1288 1499 1474 1539 conficias

145 1567 273 1606 velim.

200 1633 323 1681 Quod
353 1646 416 1670 me
450 1632 491 1670 in
524 1633 652 1670 forum
683 1645 811 1678 vocas,
841 1645 889 1669 eo
920 1645 1037 1669 vocas
1069 1631 1176 1669 unde
1207 1630 1324 1668 etiam
1357 1629 1515 1675 bonis5

146 1697 243 1736 meis
269 1697 384 1735 rebus
408 1696 617 1746 fugiebam.
678 1696 786 1744 Quid
817 1695 921 1733 enim
952 1695 1049 1733 mihi
1078 1697 1162 1733 foro
1192 1694 1276 1733 sine
1305 1693 1471 1741 iudiciis,

146 1761 230 1801 sine
259 1761 377 1809 curia,
407 1761 446 1798 in
486 1763 622 1799 oculos
652 1760 940 1798 incurrentibus
969 1760 1014 1798 iis
1045 1773 1145 1810 quos
1179 1759 1312 1797 animo
1346 1772 1475 1808 aequo

92 1839 125 1860 2·
146 1826 277 1864 videre
297 1840 377 1863 non
397 1826 589 1875 possum?
647 1825 768 1872 Quod
794 1832 926 1862 autem
947 1838 970 1862 a
990 1838 1054 1862 me
1075 1824 1257 1862 homines
1278 1825 1475 1873 postulare

147 1891 282 1930 scribis
314 1896 360 1928 ut
383 1892 531 1928 Romae
559 1891 632 1927 sim
666 1902 781 1938 neque
811 1890 910 1926 mihi
940 1895 985 1926 ut
1015 1890 1135 1926 absim
1169 1890 1355 1927 concedere
1383 1892 1475 1929 †aut

147 1959 363 2008 quatenust
385 1968 453 1993 eos
480 1953 576 1992 mihi
600 1955 829 2001 concedere,
852 1954 931 1995 iam
958 1953 1110 2003 pridem
1139 1953 1237 1992 scito
1264 1967 1360 2000 esse,
1383 1967 1474 1992 cum

191 2080 208 2108 7
233 2080 253 2099 a
278 2069 412 2099 librario
439 2067 550 2098 Koch:
585 2067 673 2098 rario
701 2067 815 2098 codd:
849 2067 963 2098 Salvio
986 2068 1164 2107 Hofmann
1189 2068 1255 2098 coll.
1284 2067 1354 2097 xiii.
1376 2077 1426 2105 44.
1453 2077 1474 2106 3

149 2123 189 2144 10
213 2113 338 2151 aliquid
358 2112 443 2141 Crat.
459 2110 488 2140 L
503 2111 645 2151 (marg.)
663 2105 729 2141 Zb:
754 2121 821 2142 om.
840 2111 928 2142 codd.
1043 2113 1172 2142 recedit
1194 2104 1375 2141 ORPMZb
1391 2110 1480 2140 Reid

146 2157 213 2188 coll.
226 2162 287 2196 pro
308 2155 435 2195 Quinct.
454 2155 497 2192 38
515 2165 522 2185 z
548 2165 602 2184 res
625 2155 714 2184 cedit
734 2153 827 2185 Man.
844 2165 850 2184 ε
880 2155 968 2185 redit
988 2155 1037 2185 vel
1055 2155 1193 2185 redierit
1213 2153 1318 2184 Boot:
1345 2153 1474 2184 accedit

145 2211 163 2231 s
179 2200 277 2230 Klots
367 2209 404 2238 17
431 2198 516 2228 Eros
535 2197 612 2227 Vict.
631 2208 638 2227 z
667 2198 735 2227 sors
751 2197 843 2228 codd.
933 2208 974 2236 23
1000 2199 1077 2228 mihi
1099 2209 1173 2229 cum
1192 2198 1264 2228 foro
1286 2196 1400 2236 EM23,
1421 2195 1479 2238 sed

146 2243 184 2282 cf
202 2254 254 2274 xv.
278 2253 303 2273 1.
326 2252 340 2271 1
430 2251 471 2279 24
495 2241 606 2270 animo
625 2251 734 2279 aequo
755 2244 779 2272 Σ
798 2241 880 2271 Crat.
900 2252 907 2271 τ
935 2251 1042 2280 aequo
1059 2242 1171 2272 animo
1189 2246 1217 2271 Δ
1315 2250 1356 2279 25
1379 2250 1399 2270 a
1420 2250 1474 2271 me

146 2287 303 2316 homines
327 2288 374 2316 Σε
401 2284 557 2314 homines
576 2294 595 2313 a
612 2294 664 2313 rne
682 2288 711 2314 Δ
841 2285 884 2314 26
909 2289 944 2314 ut
965 2285 1095 2316 Romae
1118 2286 1182 2315 sim
1204 2294 1314 2323 neque
1335 2283 1416 2313 mihi
1438 2287 1475 2313 ut

146 2330 250 2360 absim
278 2329 468 2359 concedere
495 2327 517 2356 I
546 2326 630 2358 Crat.
659 2324 804 2356 Lamb.:
841 2337 905 2358 om.
937 2327 1025 2359 codd.
1115 2333 1172 2359 aut
1200 2327 1384 2367 quatenus]
1416 2330 1475 2357 aut

146 2373 389 2412 quadamtenus
412 2370 557 2402 Lamb.:
595 2370 808 2409 aliquatenus
832 2370 1027 2403 Andresen:
1055 2371 1139 2412 sort.
1165 2376 1199 2403 at
1229 2371 1475 2411 quadamtenus

146 2426 187 2456 27
211 2416 296 2447 scito
314 2415 408 2458 esse]
433 2415 502 2445 scio
523 2414 570 2444 ita
586 2423 661 2444 esse
678 2412 830 2445 Schmidt

1325 2468 1386 2499 27*
