1827 2798
166 123 260 161 XII.
284 122 331 160 vi
664 123 721 159 M.
752 121 921 159 TVLLI
953 119 1261 159 CICERONIS

297 236 460 274 fortasse
479 233 612 283 aliquo
634 231 804 281 negotio.
848 233 899 269 Et
919 244 990 281 pro
1011 230 1086 269 isto
1107 244 1195 270 asso
1216 232 1299 270 sole
1319 244 1400 282 quo
1420 239 1462 271 tu
1482 232 1628 271 abusus
1662 236 1666 238 ’

298 314 339 339 es
366 299 406 337 in
434 306 568 337 nostro
594 298 748 348 pratulo
777 310 800 335 a
829 304 867 335 te
896 296 1067 335 nitidum
1097 298 1221 335 solem
1251 305 1505 348 unctumque
1524 310 1631 347 repe-

298 372 437 402 temus.
496 363 575 401 Sed
595 363 646 400 ad
672 361 799 411 prima
824 363 954 400 redeo.
1015 361 1191 408 Librum,
1215 361 1246 400 si
1273 375 1336 401 me
1363 376 1481 409 amas,
1505 361 1627 400 mitte.

299 430 410 466 Tuus
431 435 489 466 est
509 427 615 466 enim
639 428 830 477 profecto,
854 426 1043 477 quoniam
1068 426 1230 476 quidem
1257 434 1315 465 est
1339 427 1480 466 missus
1503 428 1555 466 ad
1578 434 1627 465 te.

257 497 280 534 3
465 491 689 539 ‘Chreme's‚
720 499 926 531 tantumne
953 493 1004 530 ab
1034 491 1074 530 re
1103 499 1170 530 tua
1199 499 1258 530 est
1288 493 1343 531 oti
1372 492 1467 539 tibi,'
1651 505 1668 537 5

298 565 342 597 ut
372 558 490 596 etiam
517 558 726 597 Oratorem
755 558 889 606 legas?
947 559 1082 595 Macte
1111 555 1275 595 virtute!
1334 556 1438 595 Mihi
1468 556 1630 607 quidem

297 631 450 674 gratum
481 628 537 661 est
567 630 606 661 et
637 622 708 661 erit
738 622 883 673 gratius
915 621 947 660 si
980 635 1062 661 non
1094 622 1216 660 modo
1247 621 1287 659 in
1315 621 1390 660 tuis
1420 621 1526 660 libris
1561 622 1631 661 sed

300 689 417 728 etiam
445 688 484 726 in
519 687 685 726 aliorum
711 701 780 738 per
813 687 991 726 librarios
1022 695 1111 726 tuos
1142 686 1492 737 ‘Aristophanem’
1523 700 1633 737 repo-

255 766 282 804 4
303 753 423 792 sueris
450 766 521 803 pro
544 752 736 803 ‘Eupoli'
794 754 939 793 Caesar
964 760 1098 791 autern
1125 751 1222 790 mihi
1249 751 1417 791 inridere
1442 752 1547 790 visus
1574 759 1632 790 est

304 820 494 869 ‘quaeso’
521 818 619 857 illud
640 825 763 866 tuum,
786 819 895 868 quod
921 825 1003 857 erat
1027 825 1065 856 et
1089 819 1228 858 εὗπινὲς
1247 824 1286 856 et
1305 818 1511 856 urbanum.
1572 818 1634 856 Ita
1657 832 1692 856 10

299 897 416 935 porro
436 891 474 922 te
495 883 579 922 sine
599 896 693 922 cura
718 896 804 921 esse
831 883 941 921 iussit
961 890 1004 921 ut
1028 882 1125 921 mihi
1150 882 1312 933 quidem
1342 881 1632 920 dubitationem

300 962 461 988 omnem
483 950 646 987 tolleret.
696 948 871 986 Atticam
892 949 1010 987 doleo
1031 954 1110 986 lam
1131 947 1199 987 diu
1214 962 1225 996 3
1254 948 1324 987 sed
1345 946 1534 997 quoniam
1554 946 1633 985 iam

301 1015 385 1054 sine
406 1016 565 1053 horrore
585 1021 657 1062 est,
678 1027 792 1064 spero
813 1026 898 1052 esse
919 1020 962 1052 ut
981 1015 1174 1052 volumus.

343 1169 438 1205 VII
535 1172 606 1205 Scr.
627 1172 661 1204 in
683 1172 870 1204 Tusculano
887 1182 931 1202 m.
951 1171 1055 1202 intere.
1070 1174 1154 1211 post.
1174 1181 1204 1201 a.
1227 1172 1288 1210 708
1305 1169 1392 1211 (46).

717 1259 888 1291 CICERO
910 1258 1093 1290 ATTICO
1115 1257 1222 1289 SAL.
1660 1263 1693 1296 ¹5

265 1364 283 1392 1
358 1353 472 1400 Quae
501 1350 701 1389 desideras
729 1349 863 1388 omnia
892 1348 1028 1398 scripsi
1057 1348 1097 1386 in
1127 1346 1319 1386 codicillis
1349 1360 1497 1396 eosque
1525 1345 1635 1385 Eroti

303 1416 421 1464 dedi3
463 1415 642 1462 breviter,
680 1415 749 1453 sed
784 1413 901 1452 etiam
935 1415 1047 1463 plura
1080 1426 1200 1463 quam
1235 1411 1399 1462 quaeris,
1432 1411 1471 1450 in
1505 1411 1550 1450 iis
1585 1412 1635 1450 de

305 1481 498 1521 Cicerone
512 1494 523 1528 ς
562 1479 673 1518 cuius
703 1478 865 1529 quidem
893 1477 1141 1528 cogitationis
1165 1477 1320 1515 initium
1345 1484 1387 1515 tu
1416 1476 1513 1515 mihi
1539 1484 1637 1515 attu-

303 1546 390 1585 listi.
449 1547 626 1584 Locutus
665 1558 752 1583 sum
783 1557 874 1583 cum
909 1557 957 1582 eo
991 1542 1284 1590 liberalissime3
1327 1543 1436 1592 quod
1470 1556 1517 1580 ex
1549 1541 1635 1591 ipso

302 1611 430 1658 velim,
460 1610 492 1649 si
521 1611 644 1649 modo
670 1609 742 1648 tibi
771 1609 842 1648 erit
871 1609 1141 1657 commodum,
1165 1607 1371 1646 sciscitere.
1432 1608 1511 1645 Sed
1539 1606 1635 1657 quid
1657 1619 1695 1642 20

303 1676 469 1716 differo?
527 1674 703 1725 Exposui
723 1682 760 1713 te
780 1676 835 1712 ad
852 1687 914 1712 me
936 1673 1124 1712 detulisse
1151 1680 1189 1711 et
1213 1672 1309 1722 quid
1335 1673 1452 1711 vellet
1475 1679 1513 1710 et
1540 1671 1636 1721 quid

303 1741 525 1792 requireret.
584 1741 698 1778 Velle
726 1739 974 1789 Hispaniam,
1010 1739 1205 1789 requirere
1231 1738 1514 1777 liberalitatem.
1575 1739 1637 1776 De

304 1806 535 1846 liberalitate
556 1805 645 1852 dixi,
669 1812 861 1855 quantum
885 1804 1087 1851 Publilius,
1112 1810 1303 1853 quantum
1325 1804 1469 1840 flamen
1494 1803 1638 1840 Lentu-

305 1873 365 1910 lus
386 1871 477 1910 filio.
538 1872 600 1908 De
622 1869 818 1919 Hispania
838 1871 920 1908 duo
946 1868 1068 1916 attuli,
1092 1867 1262 1918 primurn
1287 1867 1393 1905 idem
1418 1867 1526 1916 quod
1553 1866 1634 1912 tibi,

306 1950 370 1975 me
404 1935 525 1974 vereri
558 1934 897 1985 vituperationem.
958 1935 1052 1972 Non
1090 1932 1181 1971 satis
1216 1945 1300 1970 esse
1334 1931 1366 1969 si
1400 1932 1498 1970 haec
1530 1944 1638 1969 arma
1658 1945 1695 1976 25

306 2001 628 2052 reliquissemus?
657 2000 775 2040 etiam
799 1999 1022 2039 contraria?
1080 1999 1236 2037 Deinde
1262 2000 1344 2037 fore
1368 2005 1411 2036 ut
1434 2004 1639 2047 angeretur

307 2080 398 2106 cum
417 2080 441 2104 a
460 2067 575 2105 fratre
601 2065 862 2104 familiaritate
883 2072 921 2104 et
942 2063 1051 2104 omni
1071 2063 1193 2114 gratia
1207 2063 1437 2101 vinceretur.
1483 2063 1637 2100 Vellem

352 2182 371 2211 5
396 2171 577 2211 Chremes]
610 2172 660 2201 ln'c
681 2169 834 2201 Schmidt
857 2175 902 2211 ep.
930 2179 1052 2200 novam
1084 2169 1193 2209 incipit
1218 2168 1371 2208 scriptam
1396 2168 1429 2197 1‘11
1456 2166 1639 2196 Tusculano

309 2227 418 2246 mense
433 2216 617 2246 intcrcalari
627 2215 798 2254 posteriore
814 2225 846 2246 a.
869 2216 930 2253 708
948 2214 1023 2253 (46)
1164 2222 1180 2250 7
1207 2216 1257 2243 est
1274 2211 1349 2241 add.
1372 2211 1473 2241 Orelli
1572 2211 1639 2240 tuis

310 2260 403 2290 libris
424 2264 444 2290 Σ
464 2260 570 2291 Οάί.;
598 2259 692 2289 libris
709 2258 775 2289 tuis
793 2263 820 2288 Δ
914 2268 953 2287 10
977 2261 1009 2287 et
1026 2256 1090 2287 ER
1109 2255 1195 2287 Crat.
1212 2267 1217 2287 :
1243 2266 1307 2286 om.
1324 2255 1365 2285 M
1454 2264 1492 2284 12
1512 2253 1637 2284 tamdiu

309 2303 330 2332 I
343 2303 428 2343 vulg.
569 2313 605 2331 21
632 2303 674 2332 ad
691 2303 768 2332 coni.
789 2301 906 2332 Lamb.
923 2313 929 2331 ε
956 2312 999 2331 ex
1016 2299 1101 2331 codd.
1210 2299 1306 2339 prius
1322 2303 1356 2329 et
1373 2297 1468 2337 quid]
1487 2297 1605 2335 ecquid
1622 2296 1643 2326 I

311 2346 387 2385 (bis)
503 2357 542 2384 27
568 2346 697 2376 Vellem
715 2345 823 2383 magis
839 2345 940 2375 Boot:
963 2344 1016 2375 vcl
1034 2345 1134 2374 imma
1151 2342 1223 2375 M¹:
1248 2342 1300 2373 vel
1318 2342 1421 2372 nimia
1438 2340 1510 2370 M2:
1536 2340 1638 2371 vellet

309 2390 415 2429 magis
436 2389 551 2420 Orelli:
577 2389 632 2419 Mc
650 2399 725 2419 eum
744 2389 841 2419 malle
858 2388 981 2418 Miillcr
