1827 2798
599 146 712 184 EPP.
744 146 822 184 AD
851 145 1109 185 ATTICVM
1475 145 1545 185 IX.
1570 146 1615 182 xi

203 255 241 295 in
263 258 336 295 hac
357 255 512 295 miseria
531 255 584 295 rei
605 256 787 306 publicae
813 258 1004 296 πολιτικὸν
1023 270 1122 307 opus
1149 257 1300 295 efficere
1324 262 1362 294 et
1391 269 1532 294 navare

202 321 298 358 mihi
328 320 467 359 liceat!
527 320 673 359 Matius
703 320 864 370 quidem
891 329 930 360 et
959 321 1067 359 illum
1095 321 1135 358 in
1161 334 1208 359 ea
1231 320 1424 359 sententia
1445 334 1530 359 esse

200 386 428 424 confidebat
447 393 486 424 et
506 399 547 424 se
567 393 767 424 auctorem
788 387 870 424 fore
890 386 1157 437 pollicebatur.

255 450 386 488 Pridie
423 458 556 488 autem
593 451 700 500 apud
739 464 802 489 me
841 450 1042 501 Crassipes
1075 452 1198 489 fuerat
1230 450 1297 501 qui
1332 464 1372 489 se
1405 450 1529 500 pridie
1553 456 1578 494 3

164 514 306 555 5Non.
342 515 505 553 Martias
544 514 755 553 Brundisio
793 517 1012 565 profectum
1045 522 1164 565 atque
1202 515 1256 553 ibi
1296 516 1532 565 Pompeium

200 578 402 629 reliquisse
432 579 599 626 dicebat,
623 581 732 629 quod
761 580 878 618 etiam
909 580 976 630 qui
1005 592 1080 618 vm
1108 582 1205 619 Idus
1232 580 1338 618 illinc
1367 580 1532 630 profecti

199 652 309 683 erant
338 645 601 693 nuntiabant3
630 644 695 683 illa
723 658 815 683 vero
847 659 984 684 omnes
1018 645 1059 683 in
1089 645 1232 695 quibus
1266 645 1383 684 etiam
1421 647 1532 685 Cras-

199 708 303 758 sipes
325 709 480 759 quipro
500 710 709 759 prudentia
728 710 857 760 potuit
883 712 1095 756 attendere,
1119 725 1319 749 sermones
1350 711 1526 759 minacis,

198 772 381 813 inimicos
411 775 675 825 optimatium,
706 775 1010 825 municipiorum
1043 776 1176 822 hostis,
1209 789 1334 814 meras
1368 775 1530 826 proscri-

141 851 178 873 10
196 838 363 888 ptiones‚
379 853 508 878 meros
525 841 650 878 Sullas
659 854 669 887 3
689 853 789 889 quae
804 840 1018 878 Lucceium
1032 840 1149 890 loqui,
1161 854 1260 890 quae
1274 848 1395 879 totam
1412 842 1529 879 Grae-

197 903 310 950 ciam,
330 917 431 954 quae
444 917 536 942 vero
557 906 870 954 Theophanem!
915 907 966 942 Et
981 913 1112 943 tamen
1134 905 1261 943 omnis
1283 919 1371 955 spes
1392 905 1525 944 salutis
1544 915 1571 952 4

197 967 235 1005 in
266 968 340 1006 illis
370 976 428 1006 est
460 976 498 1007 et
527 982 600 1018 ego
630 970 784 1008 excubo
819 969 952 1007 animo
982 983 1056 1007 nec
1085 978 1234 1019 partem
1264 972 1382 1008 ullam
1413 970 1527 1020 capio

196 1032 337 1082 quietis
353 1041 402 1079 et,
418 1040 460 1071 ut
473 1034 543 1070 has
563 1032 683 1081 pestis
700 1033 893 1082 effugiam,
910 1047 999 1071 cum
1020 1033 1289 1072 dissimillimis
1305 1035 1425 1073 nostri
1442 1048 1527 1073 esse

197 1096 314 1146 cupio
333 1099 340 1135 l
399 1097 507 1145 Quid
529 1097 635 1134 enim
657 1104 698 1134 tu
719 1096 797 1134 illic
822 1097 1060 1146 Scipionem,
1083 1098 1179 1147 quid
1208 1100 1406 1145 Faustum,
1430 1099 1527 1148 quid

139 1176 176 1207 15
197 1160 392 1199 Libonem
422 1161 786 1211 praetermissurum
808 1162 962 1200 sceleris
983 1170 1096 1212 putas
1118 1176 1285 1212 quorum
1313 1163 1525 1202 creditores

195 1225 406 1264 convenire
427 1226 640 1264 dicuntur?
669 1226 765 1276 quid
786 1240 853 1264 eos
880 1234 1023 1274 autem,
1047 1240 1137 1265 cum
1166 1227 1337 1273 vicerint,
1362 1227 1401 1265 in
1431 1228 1525 1266 civis

194 1291 433 1329 effecturos?
485 1304 603 1340 quam
642 1304 734 1329 vero
779 1293 1027 1343 μικροψυχίαν
1066 1291 1193 1330 Gnaei
1239 1291 1361 1330 nostri
1409 1295 1526 1334 esse?

194 1354 390 1394 Nuntiant
416 1357 640 1405 Aegyptum
669 1362 708 1393 et
737 1356 925 1394 Arabiam
945 1357 1139 1406 εὐδαίμονα
1164 1364 1202 1396 et
1229 1359 1527 1408 Μεσοποταμίαν

194 1419 375 1469 cogitare,
398 1419 474 1458 iam
498 1419 735 1469 Hispaniam
755 1420 956 1460 abiecisse.
1016 1423 1196 1460 Monstra
1211 1430 1367 1461 narrant
1383 1438 1393 1472 3
1422 1437 1525 1473 quae

136 1500 174 1521 20
194 1486 290 1522 falsa
323 1498 408 1523 esse
446 1493 611 1534 possunt
643 1486 713 1523 sed
752 1494 855 1524 certe
894 1494 932 1524 et
962 1488 1059 1525 haec
1088 1487 1241 1536 perdita
1271 1496 1361 1526 sunt
1390 1496 1428 1526 et
1459 1488 1525 1527 illa

193 1563 276 1587 non
315 1549 505 1587 salutaria.
565 1551 671 1588 Tuas
710 1549 854 1588 litteras
892 1551 970 1589 iam
1009 1551 1200 1590 desidero.
1259 1554 1354 1590 Post
1392 1555 1524 1603 fugam

194 1622 369 1652 nostram
407 1627 625 1664 numquam
663 1614 742 1652 iam
781 1622 933 1653 tanturn
972 1630 1103 1654 earum
1148 1616 1392 1655 intervallum
1438 1618 1520 1659 fuit.

195 1679 289 1717 Misi
323 1680 373 1717 ad
412 1686 450 1717 te
488 1680 711 1728 exemplum
751 1679 964 1718 litterarum
1009 1695 1183 1719 mearum
1221 1682 1272 1720 ad
1311 1683 1521 1723 Caesarem

194 1743 337 1792 quibus
367 1757 430 1781 me
458 1742 608 1793 aliquid
636 1745 901 1793 profecturum
929 1752 1037 1795 puto.

237 1867 253 1895 7
280 1857 336 1887 illa
352 1855 394 1886 M
410 1857 462 1897 (sc.
483 1867 649 1887 sermones
667 1857 804 1887 minacis
819 1858 1009 1898 nuntiant):
1034 1858 1128 1889 illinc
1146 1858 1222 1890 coni.
1243 1859 1372 1899 Kayser
1499 1862 1519 1890 8

191 1899 247 1938 qui
273 1910 333 1939 pro
357 1901 536 1939 prudentia
554 1900 661 1939 potuit
683 1901 860 1930 attendere
877 1900 1020 1941 Madvzg
1035 1902 1209 1932 Lehmann
1230 1903 1301 1942 (sed
1321 1904 1348 1933 is
1373 1913 1433 1942 pro
1458 1914 1518 1934 sua

192 1944 328 1982 prud.):
363 1944 418 1982 qui
448 1943 629 1982 prudentia
657 1945 771 1982 potius
797 1945 974 1975 attendere
999 1945 1055 1976 M:
1092 1946 1147 1984 qui
1171 1947 1384 1984 prudentiam
1404 1948 1517 1986 potius

190 1987 390 2016 ostenderet
406 1987 486 2017 coni.
504 1987 589 2016 Boot
698 1988 736 2016 18
760 1992 792 2016 et
810 1989 1056 2025 Μεσοποταμίαν
1072 1999 1100 2018 v.
1117 2000 1139 2020 c.
1158 1988 1192 2018 P
1204 1989 1318 2019 codices
1334 1990 1416 2020 Bos-i
1431 1990 1516 2022 Crat.

194 2029 264 2061 (sed
278 2030 305 2058 is
322 2034 355 2059 et
373 2029 673 2069 Mesopotamiam)
688 2041 694 2060 ε
719 2040 785 2060 om.
803 2030 836 2060 R
853 2034 882 2060 et
897 2036 925 2060 Δ
1027 2041 1065 2069 19
1090 2032 1152 2061 iarn
1169 2031 1377 2073 lVescnberg:
1405 2034 1438 2063 in
1455 2032 1514 2065 M:

193 2071 322 2101 Italiam
344 2077 378 2101 et
400 2071 571 2103 Sclmu'dt;
595 2073 628 2102 in
654 2073 936 2112 transponendum
960 2078 1033 2104 ante
1057 2074 1254 2113 Aegyptum
1269 2076 1302 2116 (l.
1334 2077 1386 2108 18>
1412 2077 1515 2116 suspi-

191 2119 286 2144 catur
297 2114 382 2144 Reid
566 2125 607 2146 22
632 2116 696 2146 iam
714 2120 844 2147 tantum
861 2116 1032 2150 Muretus:
1057 2117 1121 2148 iam
1139 2123 1294 2151 nostrum
1312 2118 1399 2150 codd.
1416 2130 1421 2150 :
1448 2124 1515 2150 tam

191 2157 329 2197 longum
348 2157 517 2191 Corradus
