<?xml version="1.0" encoding="UTF-8"?>
<!DOCTYPE html PUBLIC "-//W3C//DTD XHTML 1.0 Transitional//EN"
    "http://www.w3.org/TR/xhtml1/DTD/xhtml1-transitional.dtd">
<html xmlns="http://www.w3.org/1999/xhtml" xml:lang="en" lang="en">
 <head>
  <title>
</title>
<meta http-equiv="Content-Type" content="text/html;charset=utf-8" />
  <meta name='ocr-system' content='tesseract 3.04.00' />
  <meta name='ocr-capabilities' content='ocr_page ocr_carea ocr_par ocr_line ocrx_word'/>
</head>
<body>
  <div class='ocr_page' id='page_1' title='image "./epistulaerecogno0202ciceuoft_0206.png"; bbox 0 0 1827 2798; ppageno 0'>
   <div class='ocr_carea' id='block_1_1' title="bbox 170 133 1283 174">
    <p class='ocr_par' dir='ltr' id='par_1_1' title="bbox 170 133 1283 174">
     <span class='ocr_line' id='line_1_1' title="bbox 170 133 1283 174; baseline -0.001 -2"><span class='ocrx_word' id='word_1_1' title='bbox 170 135 290 174; x_wconf 88' lang='lat' dir='ltr'>XIII.</span> <span class='ocrx_word' id='word_1_2' title='bbox 307 135 323 173; x_wconf 97' lang='lat' dir='ltr'>l</span> <span class='ocrx_word' id='word_1_3' title='bbox 686 136 743 172; x_wconf 90' lang='lat' dir='ltr'>M.</span> <span class='ocrx_word' id='word_1_4' title='bbox 774 133 943 171; x_wconf 91' lang='lat' dir='ltr'>TVLLI</span> <span class='ocrx_word' id='word_1_5' title='bbox 975 133 1283 172; x_wconf 88' lang='lat' dir='ltr'>CICERONIS</span> 
     </span>
    </p>
   </div>
   <div class='ocr_carea' id='block_1_2' title="bbox 275 242 1712 2040">
    <p class='ocr_par' dir='ltr' id='par_1_2' title="bbox 365 242 1409 347">
     <span class='ocr_line' id='line_1_2' title="bbox 365 242 1409 285; baseline -0.005 -7"><span class='ocrx_word' id='word_1_6' title='bbox 365 243 401 278; x_wconf 78' lang='lat' dir='ltr'>L</span> <span class='ocrx_word' id='word_1_7' title='bbox 540 244 611 276; x_wconf 79' lang='lat' dir='ltr'>Ser.</span> <span class='ocrx_word' id='word_1_8' title='bbox 631 244 663 274; x_wconf 80' lang='lat' dir='ltr'>in</span> <span class='ocrx_word' id='word_1_9' title='bbox 686 243 871 275; x_wconf 76' lang='lat' dir='ltr'>Tusculano</span> <span class='ocrx_word' id='word_1_10' title='bbox 888 244 954 275; x_wconf 73' lang='lat' dir='ltr'>circ.</span> <span class='ocrx_word' id='word_1_11' title='bbox 975 243 1012 273; x_wconf 79' lang='lat' dir='ltr'>xi</span> <span class='ocrx_word' id='word_1_12' title='bbox 1023 243 1067 275; x_wconf 85' lang='lat' dir='ltr'>K.</span> <span class='ocrx_word' id='word_1_13' title='bbox 1088 243 1176 284; x_wconf 80' lang='lat' dir='ltr'>Sept.</span> <span class='ocrx_word' id='word_1_14' title='bbox 1197 254 1228 274; x_wconf 78' lang='lat' dir='ltr'>a.</span> <span class='ocrx_word' id='word_1_15' title='bbox 1250 253 1308 285; x_wconf 85' lang='lat'>709</span> <span class='ocrx_word' id='word_1_16' title='bbox 1329 242 1409 285; x_wconf 76' lang='lat'><em>(45).</em></span> 
     </span>
     <span class='ocr_line' id='line_1_3' title="bbox 729 314 1251 347; baseline 0.002 -1"><span class='ocrx_word' id='word_1_17' title='bbox 729 314 900 346; x_wconf 84' lang='lat' dir='ltr'><em>CICERO</em></span> <span class='ocrx_word' id='word_1_18' title='bbox 930 314 1113 346; x_wconf 85' lang='lat' dir='ltr'><em>ATTICO</em></span> <span class='ocrx_word' id='word_1_19' title='bbox 1144 314 1251 347; x_wconf 82' lang='lat' dir='ltr'>SAL.</span> 
     </span>
    </p>

    <p class='ocr_par' dir='ltr' id='par_1_3' title="bbox 287 375 1712 1012">
     <span class='ocr_line' id='line_1_4' title="bbox 287 375 1652 426; baseline -0.002 -9"><span class='ocrx_word' id='word_1_20' title='bbox 287 391 304 418; x_wconf 91' lang='lat'>1</span> <span class='ocrx_word' id='word_1_21' title='bbox 377 375 617 415; x_wconf 85' lang='lat' dir='ltr'>Admonitus</span> <span class='ocrx_word' id='word_1_22' title='bbox 644 376 882 426; x_wconf 89' lang='lat' dir='ltr'>quibusdam</span> <span class='ocrx_word' id='word_1_23' title='bbox 914 376 990 414; x_wconf 91' lang='lat' dir='ltr'>tuis</span> <span class='ocrx_word' id='word_1_24' title='bbox 1017 376 1153 414; x_wconf 89' lang='lat' dir='ltr'>litteris</span> <span class='ocrx_word' id='word_1_25' title='bbox 1183 384 1225 414; x_wconf 92' lang='lat' dir='ltr'>ut</span> <span class='ocrx_word' id='word_1_26' title='bbox 1251 377 1302 414; x_wconf 92' lang='lat' dir='ltr'>ad</span> <span class='ocrx_word' id='word_1_27' title='bbox 1324 377 1533 416; x_wconf 80' lang='lat' dir='ltr'><strong>Caesarem</strong></span> <span class='ocrx_word' id='word_1_28' title='bbox 1559 376 1652 415; x_wconf 90' lang='lat' dir='ltr'>ube-</span> 
     </span>
     <span class='ocr_line' id='line_1_5' title="bbox 320 440 1651 491; baseline -0.001 -12"><span class='ocrx_word' id='word_1_29' title='bbox 320 442 439 480; x_wconf 86' lang='lat' dir='ltr'>riores</span> <span class='ocrx_word' id='word_1_30' title='bbox 459 441 604 479; x_wconf 81' lang='lat' dir='ltr'>litteras</span> <span class='ocrx_word' id='word_1_31' title='bbox 622 440 774 479; x_wconf 90' lang='lat' dir='ltr'>mittere</span> <span class='ocrx_word' id='word_1_32' title='bbox 795 440 1051 487; x_wconf 75' lang='lat' dir='ltr'><strong>instituerem,</strong></span> <span class='ocrx_word' id='word_1_33' title='bbox 1070 454 1159 478; x_wconf 94' lang='lat' dir='ltr'>cum</span> <span class='ocrx_word' id='word_1_34' title='bbox 1182 440 1279 478; x_wconf 91' lang='lat' dir='ltr'>mihi</span> <span class='ocrx_word' id='word_1_35' title='bbox 1300 442 1447 479; x_wconf 83' lang='lat' dir='ltr'>Balbus</span> <span class='ocrx_word' id='word_1_36' title='bbox 1467 454 1592 491; x_wconf 81' lang='lat' dir='ltr'>nuper</span> <span class='ocrx_word' id='word_1_37' title='bbox 1612 440 1651 478; x_wconf 89' lang='lat' dir='ltr'>in</span> 
     </span>
     <span class='ocr_line' id='line_1_6' title="bbox 320 505 1690 555; baseline 0 -12"><span class='ocrx_word' id='word_1_38' title='bbox 320 505 527 544; x_wconf 90' lang='lat' dir='ltr'>Lanuvino</span> <span class='ocrx_word' id='word_1_39' title='bbox 549 505 709 544; x_wconf 77' lang='lat' dir='ltr'>dixisset</span> <span class='ocrx_word' id='word_1_40' title='bbox 737 519 778 544; x_wconf 88' lang='lat' dir='ltr'>se</span> <span class='ocrx_word' id='word_1_41' title='bbox 799 513 836 544; x_wconf 91' lang='lat' dir='ltr'>et</span> <span class='ocrx_word' id='word_1_42' title='bbox 859 505 1036 555; x_wconf 90' lang='lat' dir='ltr'>Oppium</span> <span class='ocrx_word' id='word_1_43' title='bbox 1061 505 1260 555; x_wconf 73' lang='lat' dir='ltr'>scripsisse</span> <span class='ocrx_word' id='word_1_44' title='bbox 1280 507 1330 544; x_wconf 88' lang='lat' dir='ltr'>ad</span> <span class='ocrx_word' id='word_1_45' title='bbox 1352 507 1561 545; x_wconf 80' lang='lat' dir='ltr'>Caesarem</span> <span class='ocrx_word' id='word_1_46' title='bbox 1589 519 1652 543; x_wconf 86' lang='lat' dir='ltr'>me</span> <span class='ocrx_word' id='word_1_47' title='bbox 1673 519 1690 549; x_wconf 84' lang='lat'>5</span> 
     </span>
     <span class='ocr_line' id='line_1_7' title="bbox 319 571 1653 621; baseline -0.001 -12"><span class='ocrx_word' id='word_1_48' title='bbox 319 571 457 621; x_wconf 82' lang='lat' dir='ltr'>legisse</span> <span class='ocrx_word' id='word_1_49' title='bbox 478 571 596 610; x_wconf 90' lang='lat' dir='ltr'>libros</span> <span class='ocrx_word' id='word_1_50' title='bbox 624 578 760 610; x_wconf 88' lang='lat' dir='ltr'>contra</span> <span class='ocrx_word' id='word_1_51' title='bbox 781 571 976 610; x_wconf 85' lang='lat' dir='ltr'>Catonem</span> <span class='ocrx_word' id='word_1_52' title='bbox 1007 578 1045 608; x_wconf 88' lang='lat' dir='ltr'>et</span> <span class='ocrx_word' id='word_1_53' title='bbox 1066 571 1319 609; x_wconf 88' lang='lat' dir='ltr'>vehementer</span> <span class='ocrx_word' id='word_1_54' title='bbox 1342 571 1539 621; x_wconf 88' lang='lat' dir='ltr'>probasse,</span> <span class='ocrx_word' id='word_1_55' title='bbox 1563 584 1653 609; x_wconf 91' lang='lat' dir='ltr'>con-</span> 
     </span>
     <span class='ocr_line' id='line_1_8' title="bbox 320 635 1654 687; baseline -0.001 -12"><span class='ocrx_word' id='word_1_56' title='bbox 320 636 454 687; x_wconf 88' lang='lat' dir='ltr'>scripsi</span> <span class='ocrx_word' id='word_1_57' title='bbox 485 637 535 675; x_wconf 93' lang='lat' dir='ltr'>de</span> <span class='ocrx_word' id='word_1_58' title='bbox 564 636 609 674; x_wconf 83' lang='lat' dir='ltr'>iis</span> <span class='ocrx_word' id='word_1_59' title='bbox 639 636 732 686; x_wconf 90' lang='lat' dir='ltr'>ipsis</span> <span class='ocrx_word' id='word_1_60' title='bbox 753 635 859 674; x_wconf 90' lang='lat' dir='ltr'>libris</span> <span class='ocrx_word' id='word_1_61' title='bbox 890 636 1099 686; x_wconf 86' lang='lat' dir='ltr'>epistulam</span> <span class='ocrx_word' id='word_1_62' title='bbox 1121 636 1279 675; x_wconf 86' lang='lat' dir='ltr'>Caesari</span> <span class='ocrx_word' id='word_1_63' title='bbox 1310 649 1411 686; x_wconf 89' lang='lat' dir='ltr'>quae</span> <span class='ocrx_word' id='word_1_64' title='bbox 1440 637 1654 674; x_wconf 88' lang='lat' dir='ltr'>deferretur</span> 
     </span>
     <span class='ocr_line' id='line_1_9' title="bbox 319 700 1653 751; baseline -0.001 -11"><span class='ocrx_word' id='word_1_65' title='bbox 319 703 370 741; x_wconf 89' lang='lat' dir='ltr'>ad</span> <span class='ocrx_word' id='word_1_66' title='bbox 405 702 680 749; x_wconf 79' lang='lat' dir='ltr'>Dolabellam3</span> <span class='ocrx_word' id='word_1_67' title='bbox 722 702 792 740; x_wconf 92' lang='lat' dir='ltr'>sed</span> <span class='ocrx_word' id='word_1_68' title='bbox 827 701 910 739; x_wconf 90' lang='lat' dir='ltr'>eius</span> <span class='ocrx_word' id='word_1_69' title='bbox 946 703 1170 751; x_wconf 88' lang='lat' dir='ltr'>exemplum</span> <span class='ocrx_word' id='word_1_70' title='bbox 1203 701 1291 739; x_wconf 90' lang='lat' dir='ltr'>misi</span> <span class='ocrx_word' id='word_1_71' title='bbox 1322 702 1373 739; x_wconf 89' lang='lat' dir='ltr'>ad</span> <span class='ocrx_word' id='word_1_72' title='bbox 1405 700 1580 751; x_wconf 88' lang='lat' dir='ltr'>Oppium</span> <span class='ocrx_word' id='word_1_73' title='bbox 1615 708 1653 739; x_wconf 87' lang='lat' dir='ltr'>et</span> 
     </span>
     <span class='ocr_line' id='line_1_10' title="bbox 321 765 1652 816; baseline -0.002 -11"><span class='ocrx_word' id='word_1_74' title='bbox 321 768 490 805; x_wconf 82' lang='lat' dir='ltr'>Balbum</span> <span class='ocrx_word' id='word_1_75' title='bbox 525 766 740 816; x_wconf 79' lang='lat' dir='ltr'>scripsique</span> <span class='ocrx_word' id='word_1_76' title='bbox 771 767 822 804; x_wconf 90' lang='lat' dir='ltr'>ad</span> <span class='ocrx_word' id='word_1_77' title='bbox 852 780 919 805; x_wconf 90' lang='lat' dir='ltr'>eos</span> <span class='ocrx_word' id='word_1_78' title='bbox 949 774 992 804; x_wconf 91' lang='lat' dir='ltr'>ut</span> <span class='ocrx_word' id='word_1_79' title='bbox 1030 774 1113 804; x_wconf 90' lang='lat' dir='ltr'>tum</span> <span class='ocrx_word' id='word_1_80' title='bbox 1148 766 1288 805; x_wconf 90' lang='lat' dir='ltr'>deferri</span> <span class='ocrx_word' id='word_1_81' title='bbox 1318 767 1369 804; x_wconf 90' lang='lat' dir='ltr'>ad</span> <span class='ocrx_word' id='word_1_82' title='bbox 1403 765 1652 804; x_wconf 87' lang='lat' dir='ltr'>Dolabellam</span> 
     </span>
     <span class='ocr_line' id='line_1_11' title="bbox 319 831 1712 881; baseline -0.001 -11"><span class='ocrx_word' id='word_1_83' title='bbox 319 831 500 870; x_wconf 85' lang='lat' dir='ltr'>iuberent</span> <span class='ocrx_word' id='word_1_84' title='bbox 534 845 641 870; x_wconf 86' lang='lat' dir='ltr'>meas</span> <span class='ocrx_word' id='word_1_85' title='bbox 673 831 818 869; x_wconf 85' lang='lat' dir='ltr'>litteras</span> <span class='ocrx_word' id='word_1_86' title='bbox 853 831 884 870; x_wconf 88' lang='lat' dir='ltr'>si</span> <span class='ocrx_word' id='word_1_87' title='bbox 918 831 993 881; x_wconf 88' lang='lat' dir='ltr'>ipsi</span> <span class='ocrx_word' id='word_1_88' title='bbox 1024 833 1248 881; x_wconf 87' lang='lat' dir='ltr'>exemplum</span> <span class='ocrx_word' id='word_1_89' title='bbox 1287 831 1530 881; x_wconf 86' lang='lat' dir='ltr'>probassent.</span> <span class='ocrx_word' id='word_1_90' title='bbox 1592 832 1654 869; x_wconf 88' lang='lat' dir='ltr'>Ita</span> <span class='ocrx_word' id='word_1_91' title='bbox 1676 847 1712 868; x_wconf 89' lang='lat'>10</span> 
     </span>
     <span class='ocr_line' id='line_1_12' title="bbox 321 894 1653 947; baseline -0.002 -12"><span class='ocrx_word' id='word_1_92' title='bbox 321 897 418 935; x_wconf 91' lang='lat' dir='ltr'>mihi</span> <span class='ocrx_word' id='word_1_93' title='bbox 449 896 728 947; x_wconf 82' lang='lat' dir='ltr'>rescripserunt</span> <span class='ocrx_word' id='word_1_94' title='bbox 748 895 846 934; x_wconf 90' lang='lat' dir='ltr'>nihil</span> <span class='ocrx_word' id='word_1_95' title='bbox 876 909 1068 946; x_wconf 86' lang='lat' dir='ltr'>umquam</span> <span class='ocrx_word' id='word_1_96' title='bbox 1100 909 1141 934; x_wconf 93' lang='lat' dir='ltr'>se</span> <span class='ocrx_word' id='word_1_97' title='bbox 1172 895 1311 946; x_wconf 84' lang='lat' dir='ltr'>legisse</span> <span class='ocrx_word' id='word_1_98' title='bbox 1342 895 1481 934; x_wconf 91' lang='lat' dir='ltr'>melius</span> <span class='ocrx_word' id='word_1_99' title='bbox 1512 894 1653 946; x_wconf 90' lang='lat' dir='ltr'>epistu-</span> 
     </span>
     <span class='ocr_line' id='line_1_13' title="bbox 321 960 1215 1012; baseline -0.002 -12"><span class='ocrx_word' id='word_1_100' title='bbox 321 963 481 1012; x_wconf 86' lang='lat' dir='ltr'>lamque</span> <span class='ocrx_word' id='word_1_101' title='bbox 501 975 630 1000; x_wconf 89' lang='lat' dir='ltr'>meam</span> <span class='ocrx_word' id='word_1_102' title='bbox 652 961 847 999; x_wconf 92' lang='lat' dir='ltr'>iusserunt</span> <span class='ocrx_word' id='word_1_103' title='bbox 867 960 949 999; x_wconf 90' lang='lat' dir='ltr'>dari</span> <span class='ocrx_word' id='word_1_104' title='bbox 973 960 1215 999; x_wconf 88' lang='lat' dir='ltr'>Dolabellae.</span> 
     </span>
    </p>

    <p class='ocr_par' dir='ltr' id='par_1_4' title="bbox 280 1025 1710 1336">
     <span class='ocr_line' id='line_1_14' title="bbox 280 1025 1654 1076; baseline -0.003 -9"><span class='ocrx_word' id='word_1_105' title='bbox 280 1040 305 1067; x_wconf 90' lang='lat'>2</span> <span class='ocrx_word' id='word_1_106' title='bbox 377 1027 580 1066; x_wconf 86' lang='lat' dir='ltr'>Vestorius</span> <span class='ocrx_word' id='word_1_107' title='bbox 606 1028 657 1065; x_wconf 92' lang='lat' dir='ltr'>ad</span> <span class='ocrx_word' id='word_1_108' title='bbox 682 1040 745 1065; x_wconf 89' lang='lat' dir='ltr'>me</span> <span class='ocrx_word' id='word_1_109' title='bbox 769 1025 920 1076; x_wconf 88' lang='lat' dir='ltr'>scripsit</span> <span class='ocrx_word' id='word_1_110' title='bbox 942 1034 984 1064; x_wconf 89' lang='lat' dir='ltr'>ut</span> <span class='ocrx_word' id='word_1_111' title='bbox 1004 1025 1180 1064; x_wconf 89' lang='lat' dir='ltr'>iuberem</span> <span class='ocrx_word' id='word_1_112' title='bbox 1210 1025 1409 1076; x_wconf 91' lang='lat' dir='ltr'>mancipio</span> <span class='ocrx_word' id='word_1_113' title='bbox 1436 1025 1518 1064; x_wconf 88' lang='lat' dir='ltr'>dari</span> <span class='ocrx_word' id='word_1_114' title='bbox 1542 1039 1654 1064; x_wconf 84' lang='lat' dir='ltr'>servo</span> 
     </span>
     <span class='ocr_line' id='line_1_15' title="bbox 323 1090 1651 1142; baseline -0.002 -12"><span class='ocrx_word' id='word_1_115' title='bbox 323 1105 394 1131; x_wconf 91' lang='lat' dir='ltr'>suo</span> <span class='ocrx_word' id='word_1_116' title='bbox 423 1106 494 1142; x_wconf 92' lang='lat' dir='ltr'>pro</span> <span class='ocrx_word' id='word_1_117' title='bbox 524 1106 611 1130; x_wconf 89' lang='lat' dir='ltr'>mea</span> <span class='ocrx_word' id='word_1_118' title='bbox 640 1099 748 1141; x_wconf 88' lang='lat' dir='ltr'>parte</span> <span class='ocrx_word' id='word_1_119' title='bbox 780 1091 971 1130; x_wconf 89' lang='lat' dir='ltr'>Hetereio</span> <span class='ocrx_word' id='word_1_120' title='bbox 1002 1090 1159 1129; x_wconf 90' lang='lat' dir='ltr'>cuidam</span> <span class='ocrx_word' id='word_1_121' title='bbox 1193 1092 1361 1129; x_wconf 89' lang='lat' dir='ltr'>fundum</span> <span class='ocrx_word' id='word_1_122' title='bbox 1393 1090 1651 1129; x_wconf 88' lang='lat' dir='ltr'>Brinnianum</span> 
     </span>
     <span class='ocr_line' id='line_1_16' title="bbox 322 1155 1710 1207; baseline -0.001 -12"><span class='ocrx_word' id='word_1_123' title='bbox 322 1166 364 1196; x_wconf 90' lang='lat' dir='ltr'>ut</span> <span class='ocrx_word' id='word_1_124' title='bbox 394 1157 476 1207; x_wconf 90' lang='lat' dir='ltr'>ipse</span> <span class='ocrx_word' id='word_1_125' title='bbox 503 1157 537 1196; x_wconf 91' lang='lat' dir='ltr'>ei</span> <span class='ocrx_word' id='word_1_126' title='bbox 566 1156 739 1194; x_wconf 86' lang='lat' dir='ltr'>Puteolis</span> <span class='ocrx_word' id='word_1_127' title='bbox 766 1164 870 1194; x_wconf 90' lang='lat' dir='ltr'>recte</span> <span class='ocrx_word' id='word_1_128' title='bbox 891 1155 1090 1206; x_wconf 88' lang='lat' dir='ltr'>mancipio</span> <span class='ocrx_word' id='word_1_129' title='bbox 1119 1157 1212 1194; x_wconf 88' lang='lat' dir='ltr'>dare</span> <span class='ocrx_word' id='word_1_130' title='bbox 1238 1163 1381 1206; x_wconf 90' lang='lat' dir='ltr'>posset.</span> <span class='ocrx_word' id='word_1_131' title='bbox 1442 1157 1546 1193; x_wconf 90' lang='lat' dir='ltr'>Eum</span> <span class='ocrx_word' id='word_1_132' title='bbox 1576 1169 1652 1194; x_wconf 90' lang='lat' dir='ltr'>ser·</span> <span class='ocrx_word' id='word_1_133' title='bbox 1675 1172 1710 1203; x_wconf 81' lang='lat'>15</span> 
     </span>
     <span class='ocr_line' id='line_1_17' title="bbox 321 1220 1652 1271; baseline -0.002 -11"><span class='ocrx_word' id='word_1_134' title='bbox 321 1236 428 1270; x_wconf 87' lang='lat' dir='ltr'>vum,</span> <span class='ocrx_word' id='word_1_135' title='bbox 458 1223 489 1260; x_wconf 90' lang='lat' dir='ltr'>si</span> <span class='ocrx_word' id='word_1_136' title='bbox 519 1222 589 1260; x_wconf 90' lang='lat' dir='ltr'>tibi</span> <span class='ocrx_word' id='word_1_137' title='bbox 619 1221 825 1268; x_wconf 86' lang='lat' dir='ltr'>videbitur,</span> <span class='ocrx_word' id='word_1_138' title='bbox 857 1223 908 1260; x_wconf 91' lang='lat' dir='ltr'>ad</span> <span class='ocrx_word' id='word_1_139' title='bbox 939 1235 1002 1259; x_wconf 90' lang='lat' dir='ltr'>me</span> <span class='ocrx_word' id='word_1_140' title='bbox 1033 1221 1189 1269; x_wconf 79' lang='lat' dir='ltr'>mittes3</span> <span class='ocrx_word' id='word_1_141' title='bbox 1227 1220 1368 1271; x_wconf 87' lang='lat' dir='ltr'>opinor</span> <span class='ocrx_word' id='word_1_142' title='bbox 1398 1221 1503 1259; x_wconf 90' lang='lat' dir='ltr'>enim</span> <span class='ocrx_word' id='word_1_143' title='bbox 1533 1222 1584 1259; x_wconf 89' lang='lat' dir='ltr'>ad</span> <span class='ocrx_word' id='word_1_144' title='bbox 1614 1229 1652 1259; x_wconf 85' lang='lat' dir='ltr'>te</span> 
     </span>
     <span class='ocr_line' id='line_1_18' title="bbox 323 1286 919 1336; baseline -0.003 -11"><span class='ocrx_word' id='word_1_145' title='bbox 323 1287 440 1325; x_wconf 90' lang='lat' dir='ltr'>etiam</span> <span class='ocrx_word' id='word_1_146' title='bbox 461 1286 660 1336; x_wconf 85' lang='lat' dir='ltr'>scripsisse</span> <span class='ocrx_word' id='word_1_147' title='bbox 681 1286 919 1324; x_wconf 89' lang='lat' dir='ltr'>Vestorium.</span> 
     </span>
    </p>

    <p class='ocr_par' dir='ltr' id='par_1_5' title="bbox 279 1349 1710 1531">
     <span class='ocr_line' id='line_1_19' title="bbox 279 1349 1651 1400; baseline -0.002 -10"><span class='ocrx_word' id='word_1_148' title='bbox 279 1361 304 1398; x_wconf 88' lang='lat'><strong>3</strong></span> <span class='ocrx_word' id='word_1_149' title='bbox 379 1354 440 1390; x_wconf 89' lang='lat' dir='ltr'>De</span> <span class='ocrx_word' id='word_1_150' title='bbox 468 1353 640 1390; x_wconf 91' lang='lat' dir='ltr'>adventu</span> <span class='ocrx_word' id='word_1_151' title='bbox 668 1350 846 1390; x_wconf 86' lang='lat' dir='ltr'>Caesaris</span> <span class='ocrx_word' id='word_1_152' title='bbox 876 1350 981 1389; x_wconf 89' lang='lat' dir='ltr'>idem</span> <span class='ocrx_word' id='word_1_153' title='bbox 1007 1351 1115 1400; x_wconf 87' lang='lat' dir='ltr'>quod</span> <span class='ocrx_word' id='word_1_154' title='bbox 1145 1364 1168 1388; x_wconf 90' lang='lat' dir='ltr'>a</span> <span class='ocrx_word' id='word_1_155' title='bbox 1194 1358 1231 1388; x_wconf 93' lang='lat' dir='ltr'>te</span> <span class='ocrx_word' id='word_1_156' title='bbox 1258 1349 1354 1387; x_wconf 90' lang='lat' dir='ltr'>mihi</span> <span class='ocrx_word' id='word_1_157' title='bbox 1379 1350 1566 1400; x_wconf 89' lang='lat' dir='ltr'>scriptum</span> <span class='ocrx_word' id='word_1_158' title='bbox 1594 1359 1651 1388; x_wconf 89' lang='lat' dir='ltr'>est</span> 
     </span>
     <span class='ocr_line' id='line_1_20' title="bbox 321 1415 1651 1467; baseline -0.002 -12"><span class='ocrx_word' id='word_1_159' title='bbox 321 1417 372 1455; x_wconf 88' lang='lat' dir='ltr'>ab</span> <span class='ocrx_word' id='word_1_160' title='bbox 412 1416 545 1467; x_wconf 89' lang='lat' dir='ltr'>Oppio</span> <span class='ocrx_word' id='word_1_161' title='bbox 583 1424 620 1454; x_wconf 92' lang='lat' dir='ltr'>et</span> <span class='ocrx_word' id='word_1_162' title='bbox 660 1416 797 1454; x_wconf 88' lang='lat' dir='ltr'>Balbo.</span> <span class='ocrx_word' id='word_1_163' title='bbox 872 1415 997 1454; x_wconf 90' lang='lat' dir='ltr'>Miror</span> <span class='ocrx_word' id='word_1_164' title='bbox 1035 1423 1073 1453; x_wconf 89' lang='lat' dir='ltr'>te</span> <span class='ocrx_word' id='word_1_165' title='bbox 1113 1415 1309 1453; x_wconf 89' lang='lat' dir='ltr'>nihildum</span> <span class='ocrx_word' id='word_1_166' title='bbox 1344 1429 1435 1453; x_wconf 89' lang='lat' dir='ltr'>cum</span> <span class='ocrx_word' id='word_1_167' title='bbox 1469 1415 1651 1465; x_wconf 82' lang='lat' dir='ltr'>Tigellio,</span> 
     </span>
     <span class='ocr_line' id='line_1_21' title="bbox 321 1479 1710 1531; baseline -0.001 -12"><span class='ocrx_word' id='word_1_168' title='bbox 321 1483 426 1519; x_wconf 87' lang='lat' dir='ltr'>velut</span> <span class='ocrx_word' id='word_1_169' title='bbox 447 1482 523 1519; x_wconf 93' lang='lat' dir='ltr'>hoc</span> <span class='ocrx_word' id='word_1_170' title='bbox 543 1480 684 1531; x_wconf 87' lang='lat' dir='ltr'>ipsum,</span> <span class='ocrx_word' id='word_1_171' title='bbox 700 1487 892 1530; x_wconf 86' lang='lat' dir='ltr'>quantum</span> <span class='ocrx_word' id='word_1_172' title='bbox 913 1479 1108 1529; x_wconf 86' lang='lat' dir='ltr'>acceperit</span> <span class='ocrx_word' id='word_1_173' title='bbox 1125 1496 1132 1518; x_wconf 77' lang='lat'>2</span> <span class='ocrx_word' id='word_1_174' title='bbox 1164 1494 1320 1530; x_wconf 90' lang='lat' dir='ltr'>prorsus</span> <span class='ocrx_word' id='word_1_175' title='bbox 1340 1494 1438 1519; x_wconf 91' lang='lat' dir='ltr'>aveo</span> <span class='ocrx_word' id='word_1_176' title='bbox 1459 1480 1557 1519; x_wconf 90' lang='lat' dir='ltr'>scire</span> <span class='ocrx_word' id='word_1_177' title='bbox 1577 1494 1649 1518; x_wconf 92' lang='lat' dir='ltr'>nec</span> <span class='ocrx_word' id='word_1_178' title='bbox 1672 1493 1710 1514; x_wconf 84' lang='lat'>20</span> 
     </span>
    </p>

    <p class='ocr_par' dir='ltr' id='par_1_6' title="bbox 275 1544 1652 1791">
     <span class='ocr_line' id='line_1_22' title="bbox 275 1544 1648 1595; baseline -0.001 -11"><span class='ocrx_word' id='word_1_179' title='bbox 275 1556 302 1593; x_wconf 91' lang='lat'>4</span> <span class='ocrx_word' id='word_1_180' title='bbox 322 1554 453 1584; x_wconf 90' lang='lat' dir='ltr'>tamen</span> <span class='ocrx_word' id='word_1_181' title='bbox 475 1545 588 1584; x_wconf 90' lang='lat' dir='ltr'>flocci</span> <span class='ocrx_word' id='word_1_182' title='bbox 609 1545 720 1584; x_wconf 87' lang='lat' dir='ltr'>facio.</span> <span class='ocrx_word' id='word_1_183' title='bbox 768 1544 934 1594; x_wconf 84' lang='lat' dir='ltr'>Quaeris</span> <span class='ocrx_word' id='word_1_184' title='bbox 956 1544 1053 1595; x_wconf 87' lang='lat' dir='ltr'>quid</span> <span class='ocrx_word' id='word_1_185' title='bbox 1075 1545 1245 1595; x_wconf 85' lang='lat' dir='ltr'>cogitem</span> <span class='ocrx_word' id='word_1_186' title='bbox 1266 1546 1317 1583; x_wconf 92' lang='lat' dir='ltr'>de</span> <span class='ocrx_word' id='word_1_187' title='bbox 1337 1545 1495 1583; x_wconf 90' lang='lat' dir='ltr'>obviam</span> <span class='ocrx_word' id='word_1_188' title='bbox 1516 1544 1648 1584; x_wconf 87' lang='lat' dir='ltr'>itione.</span> 
     </span>
     <span class='ocr_line' id='line_1_23' title="bbox 322 1610 1652 1660; baseline -0.001 -11"><span class='ocrx_word' id='word_1_189' title='bbox 322 1611 431 1660; x_wconf 86' lang='lat' dir='ltr'>Quid</span> <span class='ocrx_word' id='word_1_190' title='bbox 460 1624 597 1649; x_wconf 87' lang='lat' dir='ltr'>censes</span> <span class='ocrx_word' id='word_1_191' title='bbox 632 1610 706 1648; x_wconf 91' lang='lat' dir='ltr'>nisi</span> <span class='ocrx_word' id='word_1_192' title='bbox 740 1610 929 1648; x_wconf 87' lang='lat' dir='ltr'>Alsium?</span> <span class='ocrx_word' id='word_1_193' title='bbox 1004 1612 1054 1648; x_wconf 89' lang='lat' dir='ltr'>Et</span> <span class='ocrx_word' id='word_1_194' title='bbox 1076 1610 1238 1660; x_wconf 85' lang='lat' dir='ltr'>quidem</span> <span class='ocrx_word' id='word_1_195' title='bbox 1270 1611 1321 1648; x_wconf 89' lang='lat' dir='ltr'>ad</span> <span class='ocrx_word' id='word_1_196' title='bbox 1354 1612 1563 1648; x_wconf 88' lang='lat' dir='ltr'>Murenam</span> <span class='ocrx_word' id='word_1_197' title='bbox 1601 1611 1652 1648; x_wconf 89' lang='lat' dir='ltr'>de</span> 
     </span>
     <span class='ocr_line' id='line_1_24' title="bbox 321 1675 1652 1727; baseline 0 -13"><span class='ocrx_word' id='word_1_198' title='bbox 321 1676 492 1727; x_wconf 90' lang='lat' dir='ltr'>hospitio</span> <span class='ocrx_word' id='word_1_199' title='bbox 513 1676 756 1726; x_wconf 84' lang='lat' dir='ltr'>scripseram,</span> <span class='ocrx_word' id='word_1_200' title='bbox 777 1677 847 1714; x_wconf 92' lang='lat' dir='ltr'>sed</span> <span class='ocrx_word' id='word_1_201' title='bbox 870 1675 1012 1726; x_wconf 90' lang='lat' dir='ltr'>opinor</span> <span class='ocrx_word' id='word_1_202' title='bbox 1032 1690 1123 1715; x_wconf 90' lang='lat' dir='ltr'>cum</span> <span class='ocrx_word' id='word_1_203' title='bbox 1146 1676 1273 1714; x_wconf 90' lang='lat' dir='ltr'>Matio</span> <span class='ocrx_word' id='word_1_204' title='bbox 1294 1677 1524 1726; x_wconf 87' lang='lat' dir='ltr'>profectum.</span> <span class='ocrx_word' id='word_1_205' title='bbox 1575 1677 1652 1714; x_wconf 89' lang='lat' dir='ltr'>Sal-</span> 
     </span>
     <span class='ocr_line' id='line_1_25' title="bbox 321 1740 821 1791; baseline -0.002 -12"><span class='ocrx_word' id='word_1_206' title='bbox 321 1741 459 1779; x_wconf 89' lang='lat' dir='ltr'>lustius</span> <span class='ocrx_word' id='word_1_207' title='bbox 479 1741 593 1791; x_wconf 89' lang='lat' dir='ltr'>igitur</span> <span class='ocrx_word' id='word_1_208' title='bbox 613 1740 821 1791; x_wconf 88' lang='lat' dir='ltr'>urgebitur.</span> 
     </span>
    </p>

    <p class='ocr_par' dir='ltr' id='par_1_7' title="bbox 277 1805 1710 2040">
     <span class='ocr_line' id='line_1_26' title="bbox 277 1805 1710 1856; baseline 0 -12"><span class='ocrx_word' id='word_1_209' title='bbox 277 1816 302 1854; x_wconf 82' lang='lat'>5</span> <span class='ocrx_word' id='word_1_210' title='bbox 375 1806 528 1856; x_wconf 88' lang='lat' dir='ltr'>Scripto</span> <span class='ocrx_word' id='word_1_211' title='bbox 549 1805 626 1844; x_wconf 90' lang='lat' dir='ltr'>iam</span> <span class='ocrx_word' id='word_1_212' title='bbox 647 1806 846 1856; x_wconf 89' lang='lat' dir='ltr'>superiore</span> <span class='ocrx_word' id='word_1_213' title='bbox 868 1806 1062 1845; x_wconf 91' lang='lat' dir='ltr'>versiculo</span> <span class='ocrx_word' id='word_1_214' title='bbox 1091 1808 1189 1845; x_wconf 89' lang='lat' dir='ltr'>Eros</span> <span class='ocrx_word' id='word_1_215' title='bbox 1217 1806 1312 1844; x_wconf 91' lang='lat' dir='ltr'>mihi</span> <span class='ocrx_word' id='word_1_216' title='bbox 1339 1805 1435 1844; x_wconf 87' lang='lat' dir='ltr'>dixit</span> <span class='ocrx_word' id='word_1_217' title='bbox 1461 1805 1536 1844; x_wconf 87' lang='lat' dir='ltr'>sibi</span> <span class='ocrx_word' id='word_1_218' title='bbox 1564 1807 1651 1844; x_wconf 90' lang='lat' dir='ltr'>Mu·</span> <span class='ocrx_word' id='word_1_219' title='bbox 1673 1819 1710 1849; x_wconf 81' lang='lat'>25</span> 
     </span>
     <span class='ocr_line' id='line_1_27' title="bbox 320 1871 1650 1921; baseline -0.001 -12"><span class='ocrx_word' id='word_1_220' title='bbox 320 1885 454 1910; x_wconf 85' lang='lat' dir='ltr'>renam</span> <span class='ocrx_word' id='word_1_221' title='bbox 485 1871 753 1910; x_wconf 88' lang='lat' dir='ltr'>liberalissime</span> <span class='ocrx_word' id='word_1_222' title='bbox 783 1871 1044 1921; x_wconf 91' lang='lat' dir='ltr'>respondisse.</span> <span class='ocrx_word' id='word_1_223' title='bbox 1106 1873 1166 1909; x_wconf 91' lang='lat' dir='ltr'>Eo</span> <span class='ocrx_word' id='word_1_224' title='bbox 1187 1871 1301 1921; x_wconf 90' lang='lat' dir='ltr'>igitur</span> <span class='ocrx_word' id='word_1_225' title='bbox 1321 1878 1485 1909; x_wconf 87' lang='lat' dir='ltr'>utamur.</span> <span class='ocrx_word' id='word_1_226' title='bbox 1546 1872 1650 1908; x_wconf 91' lang='lat' dir='ltr'>Nam</span> 
     </span>
     <span class='ocr_line' id='line_1_28' title="bbox 319 1934 1650 1986; baseline -0.001 -12"><span class='ocrx_word' id='word_1_227' title='bbox 319 1935 434 1975; x_wconf 89' lang='lat' dir='ltr'>Silius</span> <span class='ocrx_word' id='word_1_228' title='bbox 466 1935 625 1974; x_wconf 87' lang='lat' dir='ltr'>culcitas</span> <span class='ocrx_word' id='word_1_229' title='bbox 655 1950 735 1974; x_wconf 90' lang='lat' dir='ltr'>non</span> <span class='ocrx_word' id='word_1_230' title='bbox 766 1936 897 1975; x_wconf 90' lang='lat' dir='ltr'>habet.</span> <span class='ocrx_word' id='word_1_231' title='bbox 958 1936 1064 1974; x_wconf 90' lang='lat' dir='ltr'>Dida</span> <span class='ocrx_word' id='word_1_232' title='bbox 1089 1943 1233 1983; x_wconf 86' lang='lat' dir='ltr'>autem,</span> <span class='ocrx_word' id='word_1_233' title='bbox 1256 1935 1405 1986; x_wconf 89' lang='lat' dir='ltr'>opinor,</span> <span class='ocrx_word' id='word_1_234' title='bbox 1430 1934 1650 1986; x_wconf 88' lang='lat' dir='ltr'>hospitibus</span> 
     </span>
     <span class='ocr_line' id='line_1_29' title="bbox 319 2001 822 2040; baseline 0 -1"><span class='ocrx_word' id='word_1_235' title='bbox 319 2009 442 2040; x_wconf 87' lang='lat' dir='ltr'>totam</span> <span class='ocrx_word' id='word_1_236' title='bbox 463 2001 594 2040; x_wconf 89' lang='lat' dir='ltr'>villam</span> <span class='ocrx_word' id='word_1_237' title='bbox 616 2001 822 2040; x_wconf 89' lang='lat' dir='ltr'>concessit.</span> 
     </span>
    </p>
   </div>
   <div class='ocr_carea' id='block_1_3' title="bbox 364 2113 1710 2229">
    <p class='ocr_par' dir='ltr' id='par_1_8' title="bbox 364 2113 1710 2229">
     <span class='ocr_line' id='line_1_30' title="bbox 364 2113 1366 2156; baseline -0.002 -8"><span class='ocrx_word' id='word_1_238' title='bbox 364 2113 425 2148; x_wconf 81' lang='lat' dir='ltr'>LI</span> <span class='ocrx_word' id='word_1_239' title='bbox 580 2115 651 2146; x_wconf 84' lang='lat' dir='ltr'>Scr.</span> <span class='ocrx_word' id='word_1_240' title='bbox 670 2116 703 2146; x_wconf 84' lang='lat' dir='ltr'>in</span> <span class='ocrx_word' id='word_1_241' title='bbox 725 2115 914 2146; x_wconf 74' lang='lat' dir='ltr'>Tusculano</span> <span class='ocrx_word' id='word_1_242' title='bbox 931 2115 966 2146; x_wconf 76' lang='lat' dir='ltr'>ix</span> <span class='ocrx_word' id='word_1_243' title='bbox 981 2115 1023 2146; x_wconf 88' lang='lat' dir='ltr'>K.</span> <span class='ocrx_word' id='word_1_244' title='bbox 1045 2115 1132 2155; x_wconf 78' lang='lat' dir='ltr'>Sept.</span> <span class='ocrx_word' id='word_1_245' title='bbox 1153 2126 1183 2147; x_wconf 83' lang='lat' dir='ltr'>a.</span> <span class='ocrx_word' id='word_1_246' title='bbox 1207 2125 1265 2154; x_wconf 83' lang='lat'>709</span> <span class='ocrx_word' id='word_1_247' title='bbox 1284 2115 1366 2156; x_wconf 78' lang='lat'>(45).</span> 
     </span>
     <span class='ocr_line' id='line_1_31' title="bbox 727 2185 1710 2229; baseline -0.002 -12"><span class='ocrx_word' id='word_1_248' title='bbox 727 2187 899 2217; x_wconf 81' lang='lat' dir='ltr'>CICERO</span> <span class='ocrx_word' id='word_1_249' title='bbox 929 2186 1111 2218; x_wconf 84' lang='lat' dir='ltr'><em>ATTICO</em></span> <span class='ocrx_word' id='word_1_250' title='bbox 1142 2185 1248 2217; x_wconf 80' lang='lat' dir='ltr'>SAL.</span> <span class='ocrx_word' id='word_1_251' title='bbox 1667 2199 1710 2229; x_wconf 71' lang='lat'>30</span> 
     </span>
    </p>
   </div>
   <div class='ocr_carea' id='block_1_4' title="bbox 285 2257 1651 2374">
    <p class='ocr_par' dir='ltr' id='par_1_9' title="bbox 285 2257 1651 2374">
     <span class='ocr_line' id='line_1_32' title="bbox 285 2257 1649 2309; baseline -0.001 -12"><span class='ocrx_word' id='word_1_252' title='bbox 285 2270 303 2297; x_wconf 95' lang='lat'>1</span> <span class='ocrx_word' id='word_1_253' title='bbox 374 2260 440 2297; x_wconf 85' lang='lat' dir='ltr'>Ad</span> <span class='ocrx_word' id='word_1_254' title='bbox 462 2260 670 2299; x_wconf 86' lang='lat' dir='ltr'>Caesarem</span> <span class='ocrx_word' id='word_1_255' title='bbox 701 2273 820 2309; x_wconf 86' lang='lat' dir='ltr'>quam</span> <span class='ocrx_word' id='word_1_256' title='bbox 849 2259 937 2297; x_wconf 90' lang='lat' dir='ltr'>misi</span> <span class='ocrx_word' id='word_1_257' title='bbox 961 2258 1169 2309; x_wconf 89' lang='lat' dir='ltr'>epistulam</span> <span class='ocrx_word' id='word_1_258' title='bbox 1200 2258 1283 2297; x_wconf 91' lang='lat' dir='ltr'>eius</span> <span class='ocrx_word' id='word_1_259' title='bbox 1310 2259 1533 2308; x_wconf 84' lang='lat' dir='ltr'>exemplum</span> <span class='ocrx_word' id='word_1_260' title='bbox 1554 2257 1649 2308; x_wconf 89' lang='lat' dir='ltr'>fugit</span> 
     </span>
     <span class='ocr_line' id='line_1_33' title="bbox 322 2323 1651 2374; baseline 0 -12"><span class='ocrx_word' id='word_1_261' title='bbox 322 2337 385 2363; x_wconf 87' lang='lat' dir='ltr'>me</span> <span class='ocrx_word' id='word_1_262' title='bbox 415 2332 498 2362; x_wconf 90' lang='lat' dir='ltr'>tum</span> <span class='ocrx_word' id='word_1_263' title='bbox 528 2324 598 2363; x_wconf 87' lang='lat' dir='ltr'>tibi</span> <span class='ocrx_word' id='word_1_264' title='bbox 629 2324 792 2362; x_wconf 85' lang='lat' dir='ltr'>mittere.</span> <span class='ocrx_word' id='word_1_265' title='bbox 854 2325 939 2362; x_wconf 92' lang='lat' dir='ltr'>Nec</span> <span class='ocrx_word' id='word_1_266' title='bbox 965 2324 1005 2362; x_wconf 91' lang='lat' dir='ltr'>id</span> <span class='ocrx_word' id='word_1_267' title='bbox 1033 2324 1104 2362; x_wconf 90' lang='lat' dir='ltr'>fuit</span> <span class='ocrx_word' id='word_1_268' title='bbox 1132 2325 1241 2374; x_wconf 87' lang='lat' dir='ltr'>quod</span> <span class='ocrx_word' id='word_1_269' title='bbox 1271 2323 1488 2374; x_wconf 82' lang='lat' dir='ltr'>suspicaris,</span> <span class='ocrx_word' id='word_1_270' title='bbox 1516 2332 1558 2362; x_wconf 94' lang='lat' dir='ltr'>ut</span> <span class='ocrx_word' id='word_1_271' title='bbox 1588 2337 1651 2362; x_wconf 90' lang='lat' dir='ltr'>me</span> 
     </span>
    </p>
   </div>
   <div class='ocr_carea' id='block_1_5' title="bbox 323 2426 1649 2512">
    <p class='ocr_par' dir='ltr' id='par_1_10' title="bbox 323 2426 1649 2512">
     <span class='ocr_line' id='line_1_34' title="bbox 367 2426 1649 2468; baseline 0.001 -11"><span class='ocrx_word' id='word_1_272' title='bbox 367 2438 384 2467; x_wconf 89' lang='lat'>7</span> <span class='ocrx_word' id='word_1_273' title='bbox 409 2428 448 2458; x_wconf 88' lang='lat' dir='ltr'>iis</span> <span class='ocrx_word' id='word_1_274' title='bbox 468 2426 550 2458; x_wconf 69' lang='lat' dir='ltr'>M‘2:</span> <span class='ocrx_word' id='word_1_275' title='bbox 575 2438 639 2457; x_wconf 83' lang='lat' dir='ltr'>om.</span> <span class='ocrx_word' id='word_1_276' title='bbox 661 2427 730 2457; x_wconf 79' lang='lat' dir='ltr'>M1:</span> <span class='ocrx_word' id='word_1_277' title='bbox 759 2428 811 2458; x_wconf 87' lang='lat' dir='ltr'>his</span> <span class='ocrx_word' id='word_1_278' title='bbox 836 2428 919 2457; x_wconf 85' lang='lat' dir='ltr'>Boot</span> <span class='ocrx_word' id='word_1_279' title='bbox 1047 2438 1096 2468; x_wconf 80' lang='lat'>19,</span> <span class='ocrx_word' id='word_1_280' title='bbox 1117 2438 1158 2458; x_wconf 83' lang='lat'>20</span> <span class='ocrx_word' id='word_1_281' title='bbox 1195 2427 1350 2466; x_wconf 87' lang='lat' dir='ltr'>Tigellio.</span> <span class='ocrx_word' id='word_1_282' title='bbox 1398 2427 1499 2458; x_wconf 88' lang='lat' dir='ltr'>Velut</span> <span class='ocrx_word' id='word_1_283' title='bbox 1518 2451 1525 2459; x_wconf 91' lang='lat'>.</span> <span class='ocrx_word' id='word_1_284' title='bbox 1543 2451 1550 2459; x_wconf 93' lang='lat'>.</span> <span class='ocrx_word' id='word_1_285' title='bbox 1573 2451 1578 2457; x_wconf 93' lang='lat'>.</span> <span class='ocrx_word' id='word_1_286' title='bbox 1597 2438 1649 2458; x_wconf 80' lang='lat' dir='ltr'>ac·</span> 
     </span>
     <span class='ocr_line' id='line_1_35' title="bbox 323 2470 1451 2512; baseline -0.002 -9"><span class='ocrx_word' id='word_1_287' title='bbox 323 2471 462 2512; x_wconf 74' lang='lat' dir='ltr'>ceperit,</span> <span class='ocrx_word' id='word_1_288' title='bbox 483 2481 622 2512; x_wconf 87' lang='lat' dir='ltr'>prorsus</span> <span class='ocrx_word' id='word_1_289' title='bbox 639 2471 683 2501; x_wconf 80' lang='lat' dir='ltr'>ita</span> <span class='ocrx_word' id='word_1_290' title='bbox 701 2471 900 2511; x_wconf 65' lang='lat' dir='ltr'>inletpunxit</span> <span class='ocrx_word' id='word_1_291' title='bbox 916 2470 1040 2501; x_wconf 73' lang='lat' dir='ltr'>Mic&#39;llcr</span> <span class='ocrx_word' id='word_1_292' title='bbox 1169 2481 1209 2510; x_wconf 89' lang='lat'>27</span> <span class='ocrx_word' id='word_1_293' title='bbox 1236 2472 1347 2502; x_wconf 84' lang='lat' dir='ltr'>caldas</span> <span class='ocrx_word' id='word_1_294' title='bbox 1365 2471 1451 2501; x_wconf 73' lang='lat' dir='ltr'>Reid</span> 
     </span>
    </p>
   </div>
  </div>
 </body>
</html>
