1827 2798
594 169 705 207 EPP.
738 171 815 207 AD
845 171 1106 210 ATTICVM
1432 174 1504 210 XI.
1529 173 1607 210 xiii

187 277 436 327 spurcissime
452 292 548 329 quas
569 280 622 318 ob
639 294 774 319 causas
795 281 938 320 fecerit.
988 283 1066 321 Sed
1087 296 1216 333 neque
1237 284 1313 322 hoc
1334 291 1510 334 tempore

186 356 259 381 nec
290 351 406 381 antea
439 345 697 401 patefecisset¹
716 345 852 384 odium
884 360 999 384 suum
1034 347 1073 385 in
1108 362 1182 394 me,
1217 348 1291 386 nisi
1325 349 1510 388 omnibus

186 408 302 446 rebus
332 422 395 447 me
425 422 509 448 esse
536 423 767 460 oppressum
796 411 954 449 videret.
1014 414 1146 462 Atque
1174 414 1323 452 utinam
1354 416 1414 453 vel
1445 429 1511 453 no-

185 472 343 520 cturnis,
369 487 488 523 quem
518 476 569 513 ad
599 477 762 514 modum
794 484 835 514 tu
867 476 1084 526 scripseras,
1113 477 1315 517 itineribus
1350 479 1511 530 propius

147 545 164 577 5
185 545 223 576 te
248 538 525 578 accessissem}
570 541 688 579 Nunc
714 554 788 579 nec
815 540 882 579 ubi
909 555 983 579 nec
1010 543 1170 591 quando
1199 551 1236 581 te
1262 543 1335 581 sim
1361 544 1510 582 visurus

183 616 345 653 possum
367 604 563 654 suspicari.

241 669 302 706 De
335 669 595 708 coheredibus
631 670 845 709 Fufidianis
877 671 973 709 nihil
1008 671 1079 710 fuit
1113 674 1221 721 quod
1250 674 1300 711 ad
1331 687 1393 712 rne
1424 674 1510 712 scri-
1530 683 1554 718 3

185 733 296 771 beres
311 748 320 781 3
350 747 441 771 nam
468 742 506 772 et
531 748 702 784 aequum
731 737 930 785 postulant
957 744 995 775 et
1022 736 1211 787 quicquid
1237 738 1380 788 egisses
1407 748 1510 777 recte

184 810 269 835 esse
297 806 429 836 actum
456 807 645 848 putarem.
711 802 773 839 De
802 802 926 839 fundo
954 802 1147 840 Frusinati
1174 803 1406 842 redimendo
1434 804 1508 842 iam
1530 814 1555 849 4

127 876 165 897 10
184 862 336 911 pridem
371 863 592 902 intellexisti
627 867 870 904 voluntatem
909 879 1049 904 meam.
1114 867 1198 905 Etsi
1232 875 1315 906 tum
1351 869 1511 908 meliore

184 928 272 965 loco
311 941 370 966 res
411 937 520 967 erant
558 938 713 968 nostrae
753 944 883 980 neque
923 939 1000 969 tam
1044 931 1139 969 mihi
1178 934 1427 983 desperatum
1467 934 1510 972 iri

184 992 400 1041 videbatur,
437 1002 569 1032 tamen
600 994 639 1032 in
672 996 811 1033 eadem
842 1009 929 1033 sum
963 997 1175 1035 voluntate.
1236 999 1284 1036 Id
1314 1012 1431 1048 quem
1459 1001 1509 1037 ad

185 1059 349 1095 modum
377 1059 443 1096 fiat
470 1066 510 1096 tu
535 1059 696 1097 videbis.
758 1061 808 1097 Et
828 1059 956 1107 velim,
975 1062 1084 1110 quod
1107 1061 1262 1111 poteris,
1285 1063 1510 1102 consideres

185 1130 227 1160 ut
261 1122 309 1160 sit
342 1124 449 1161 unde
487 1123 602 1162 nobis
641 1124 941 1174 suppeditentur
979 1134 1159 1175 sumptus
1193 1128 1411 1166 necessarii.
1471 1129 1509 1168 Si

130 1198 164 1229 15
185 1201 281 1237 quas
310 1188 521 1226 habuimus
550 1190 764 1235 facultateS‚
789 1202 853 1227 eas
885 1190 1077 1244 Pompeio
1107 1198 1190 1229 tum
1220 1206 1311 1230 cum
1342 1193 1381 1231 id
1408 1193 1512 1232 vide-

184 1252 323 1290 bamur
356 1252 552 1302 sapienter
585 1255 710 1292 facere
745 1254 968 1292 detulimus.
1031 1257 1172 1305 Itaque
1203 1264 1286 1294 tum
1318 1266 1355 1296 et
1389 1272 1412 1296 a
1444 1267 1511 1296 tuo

183 1317 300 1356 vilico
329 1318 569 1368 sumpsimus
599 1327 637 1357 et
665 1319 825 1358 aliunde
856 1320 1021 1358 mutuati
1051 1334 1187 1360 sumus
1217 1336 1307 1360 curn
1339 1323 1511 1372 Quintus

184 1382 356 1432 queritur
376 1396 445 1433 per
465 1383 610 1422 litteras
635 1383 708 1422 sibi
729 1397 801 1422 nos
827 1383 923 1422 nihil
944 1385 1111 1432 dedisse,
1136 1386 1203 1435 qui
1224 1401 1354 1437 neque
1373 1388 1424 1426 ab
1445 1388 1511 1426 illo

183 1448 305 1497 rogati
340 1462 474 1486 sumus
508 1462 638 1498 neque
671 1448 745 1499 ipsi
776 1463 862 1487 eam
897 1450 1106 1498 pecuniam
1140 1452 1373 1501 aspeximus.
1433 1455 1511 1491 Sed

126 1528 164 1550 20
183 1513 298 1552 velim
324 1513 456 1552 videas
485 1514 580 1563 quid
608 1514 656 1552 sit
683 1515 791 1564 quod
818 1514 960 1552 confici
985 1515 1107 1564 possit
1135 1516 1311 1567 quidque
1338 1517 1433 1556 mihi
1461 1520 1511 1557 de

183 1578 368 1616 omnibus
389 1580 458 1617 des
479 1579 618 1617 consili
634 1594 643 1626 3
673 1587 711 1617 et
731 1592 889 1617 causam
910 1579 1023 1617 nosti.

237 1645 353 1682 Plura
376 1657 426 1681 ne
451 1644 618 1682 scribam
641 1644 777 1682 dolore
799 1643 1002 1693 impedior.
1063 1644 1103 1682 Si
1125 1644 1220 1694 quid
1241 1645 1311 1684 erit
1332 1648 1439 1696 quod
1460 1648 1511 1684 ad
1531 1652 1555 1690 5

183 1721 282 1757 quos
309 1708 561 1746 scribendum
590 1721 680 1746 meo
707 1707 868 1747 nomine
896 1716 1020 1758 putes,
1044 1709 1160 1747 velim
1185 1718 1227 1748 ut
1251 1712 1353 1749 soles
1380 1711 1507 1757 facias,

183 1772 444 1823 quotiensque
466 1772 630 1811 habebis
655 1772 749 1822 quoi
770 1774 840 1812 des
868 1774 918 1811 ad
943 1787 1006 1811 me
1030 1773 1176 1813 litteras
1200 1775 1322 1813 nolim
1347 1784 1511 1825 praeter-

125 1852 161 1883 25
183 1837 323 1876 mittas.
383 1839 492 1876 Vale.

225 1937 334 1973 XIV
457 1941 525 1973 Ser.
545 1942 710 1972 Brundisi
722 1941 790 1973 circ.
809 1942 843 1972 vi
856 1941 899 1972 K.
917 1941 998 1973 Mai.
1018 1952 1047 1973 α.
1071 1951 1129 1981 707
1149 1942 1232 1982 (47).

603 2013 778 2044 CICERO
802 2013 971 2044 ATTICO
998 2013 1096 2046 SAL.

236 2081 328 2118 Non
352 2093 414 2118 me
442 2080 606 2118 offendit
626 2080 766 2118 veritas
794 2080 1006 2118 litterarum
1029 2088 1180 2118 tuarum
1204 2082 1311 2130 quod
1334 2095 1395 2120 me
1417 2094 1507 2120 cum
1529 2097 1545 2123 1

182 2145 459 2183 communibus
494 2153 577 2182 tum
616 2145 835 2195 praecipuis
874 2145 985 2183 malis
1020 2159 1250 2195 oppressum
1285 2159 1335 2184 ne
1369 2146 1508 2197 incipis

228 2246 239 2265 1
267 2235 498 2276 spurcissime]
518 2237 576 2266 sed
595 2237 787 2275 parcissime
807 2236 840 2267 C.
858 2236 894 2268 F.
911 2237 1089 2267 Hermann
1201 2248 1235 2267 11
1264 2242 1331 2268 tum
1352 2238 1511 2270 Graevius

181 2280 395 2319 desperatum
415 2281 451 2310 iri
470 2274 516 2308 Zb
534 2280 633 2311 Reid:
661 2281 871 2320 desperaturi
890 2281 934 2310 ita
953 2281 1038 2311 Ml:
1059 2281 1273 2320 desperatum
1289 2282 1335 2312 ita
1352 2280 1511 2313 Graevius

183 2333 220 2354 12
245 2324 420 2354 videbatur
444 2323 529 2353 Reid
553 2324 730 2354 Graevius:
761 2324 961 2354 videbantur
978 2324 1032 2354 M:
1064 2325 1258 2355 videbamur
1273 2325 1295 2355 I
1470 2338 1507 2365 17

180 2365 272 2408 eum]
292 2378 380 2397 nunc
398 2367 525 2397 Mz'iller
642 2368 680 2397 18
704 2368 855 2406 queritur
872 2367 1032 2407 Madvig:
1056 2374 1256 2407 quereretur
1272 2369 1358 2401 codd.
1380 2368 1508 2409 U'csc1z7

178 2409 254 2451 [ηυξ
373 2421 410 2441 21
432 2415 510 2451 post
526 2411 680 2442 omnibus
697 2411 772 2441 add.
794 2411 893 2441 rebus
913 2410 1100 2451 Wesenberg
1208 2423 1248 2451 24
1274 2413 1376 2444 nolim
1395 2414 1482 2454 vulg.
1493 2425 1506 2448 ,;

178 2455 278 2485 velim
297 2454 384 2486 codd.
400 2467 406 2487 :
433 2455 533 2485 velim
551 2465 592 2485 ne
610 2455 689 2486 coni.
708 2455 841 2486 Baiter:
864 2455 966 2485 velim
983 2456 1157 2486 neminem·
1169 2456 1235 2487 cod.
1249 2457 1459 2494 Ballt'oleflsis

1337 2510 1342 2514 ”
1359 2500 1419 2532 25*
