1827 2798
175 115 285 152 XVI.

263 235 288 262 2

265 819 289 855 3

266 1079 292 1114 4

278 2188 295 2215 1

308 114 357 151 iv
677 112 733 149 M.
765 110 934 148 TVLLI
966 109 1274 149 CICERONIS

308 224 448 263 missae
482 230 623 262 essent.
683 223 843 260 Sextum
877 227 1009 259 autem
1042 218 1224 258 nuntiant
1263 233 1353 258 curn
1392 233 1471 258 una
1509 220 1636 258 solurn

306 289 460 339 legione
488 288 605 326 fuisse
635 285 877 335 Karthagine
907 285 1022 335 eique
1049 298 1097 324 eo
1128 284 1215 335 ipso
1242 285 1305 323 die
1336 298 1415 335 quo
1445 284 1637 335 oppidum

308 356 472 392 Baream
494 352 661 402 cepisset
691 351 915 389 nuntiatum
945 364 1030 389 esse
1060 351 1110 389 de
1141 351 1319 396 Caesare,
1346 357 1463 400 capto
1489 349 1639 400 oppido

307 418 445 457 miram
466 417 653 456 laetitiam
678 416 1113 466 commutationemque
1140 415 1361 454 animorum
1389 428 1640 454 concursum-

307 498 384 534 que
414 483 615 532 undique3
645 483 715 520 sed
745 481 855 519 illum
884 482 935 519 ad
965 494 1031 518 sex
1061 479 1235 530 legiones
1265 494 1362 529 quas
1392 479 1431 517 in
1459 479 1640 518 ulteriore
1661 494 1677 526 5

306 548 526 599 reliquisset
556 547 768 586 revertisse.
827 547 894 585 Ad
925 546 1054 596 ipsum
1088 554 1221 584 autem
1257 544 1452 583 Libonem
1488 544 1641 594 scripsit

308 614 405 652 nihil
426 627 511 652 esse
531 612 606 651 nisi
626 613 677 650 ad
698 614 818 650 larem
840 626 954 650 suum
976 611 1118 649 liceret.
1171 612 1333 649 Summa
1354 611 1639 660 postulatorum

308 687 350 718 ut
371 693 509 718 omnes
530 677 721 717 exercitus
748 676 995 715 dimittantur
1015 676 1082 726 qui
1104 676 1251 725 ubique
1278 675 1364 713 sint.
1427 677 1541 713 Haec
1562 676 1640 713 fere

309 746 359 783 de
380 747 508 783 Sexto.

366 812 426 848 De
452 808 668 848 Buthrotiis
694 807 871 857 undique
905 820 1097 857 quaerens
1126 806 1223 845 nihil
1250 805 1503 856 reperiebam.
1563 806 1640 844 Alii
1664 820 1704 843 10

309 875 491 914 concisos
525 873 728 924 agripetas‚
761 873 826 911 alii
862 874 1053 910 Plancum
1084 871 1255 922 acceptis
1288 871 1460 909 nummis
1499 870 1642 909 relictis

309 940 383 979 illis
407 940 614 990 aufugisse.
675 941 815 989 Itaque
842 952 923 977 non
943 938 1060 976 video
1081 937 1269 976 sciturum
1290 951 1353 975 me
1374 936 1470 987 quid
1491 936 1574 975 eius
1595 936 1643 975 sit

311 1006 349 1043 ni
372 1006 500 1044 statim
522 1005 671 1055 aliquid
692 1004 917 1042 litterarum.

369 1073 448 1109 Iter
489 1071 586 1109 illud
635 1069 890 1108 Brundisium
939 1069 988 1107 de
1036 1082 1117 1119 quo
1164 1068 1395 1108 dubitabam
1445 1069 1642 1107 sublatum

312 1136 474 1174 videtur.
535 1135 730 1184 Legiones
758 1134 863 1172 enim
884 1135 1096 1173 adventare
1120 1135 1314 1173 dicuntur.
1376 1136 1490 1172 Haec
1510 1142 1642 1172 autem
1667 1146 1702 1177 ¹5

310 1201 506 1251 navigatio
528 1201 647 1239 habet
668 1201 859 1250 quasdam
888 1199 1134 1249 suspiciones
1159 1198 1330 1249 periculi.
1392 1201 1532 1249 Itaque
1553 1213 1644 1237 con-

310 1266 521 1305 stituebam
551 1266 608 1304 uti
635 1267 831 1316 ὁμοπλοίᾳ.
893 1265 1132 1303 Paratiorem
1162 1264 1267 1303 enim
1298 1265 1446 1303 offendi
1478 1268 1642 1303 Brutum

309 1345 429 1382 quam
467 1331 690 1370 audiebam.
751 1332 855 1369 Nam
895 1338 932 1369 et
971 1330 1055 1380 ipse
1092 1335 1130 1368 et
1165 1330 1364 1368 Domitius
1388 1331 1494 1369 bona
1527 1332 1644 1381 plane

310 1397 430 1435 habet
469 1397 621 1435 dicrota
660 1403 830 1445 suntque
869 1394 1022 1445 navigia
1059 1402 1258 1445 praeterea
1295 1397 1496 1434 luculenta
1530 1395 1641 1442 Sesti,

311 1462 518 1510 Buciliani,
539 1469 769 1501 ceterorum.
821 1462 926 1499 Nam
948 1460 1060 1499 Cassi
1087 1462 1252 1499 classem
1273 1475 1375 1511 quae
1396 1463 1511 1511 plane
1541 1462 1644 1500 bella
1665 1474 1704 1496 20

310 1535 368 1566 est
396 1541 475 1566 non
504 1541 670 1566 numero
690 1528 790 1564 ultra
811 1528 962 1564 fretum.
1024 1527 1129 1565 Illud
1153 1534 1212 1565 est
1232 1527 1329 1565 mihi
1356 1528 1643 1566 submolestum

311 1595 419 1643 quod
450 1607 587 1644 parurn
619 1595 762 1631 Brutus
790 1605 997 1642 properare
1017 1591 1182 1631 videtur.
1242 1592 1417 1631 Primum
1448 1594 1645 1631 confecto-

310 1672 396 1696 rum
418 1660 600 1697 ludorum
622 1657 782 1696 nuntios
803 1664 1026 1707 exspectat3
1056 1657 1213 1704 deinde,
1232 1665 1425 1708 quantum
1446 1657 1642 1708 intellego,

311 1726 421 1762 tarde
445 1732 503 1762 est
530 1723 779 1773 navigaturus
806 1722 1026 1761 consistens
1048 1723 1087 1761 in
1118 1723 1215 1762 locis
1242 1724 1429 1773 pluribus.
1490 1726 1643 1762 Tamen

311 1789 475 1827 arbitror
502 1803 586 1828 esse
613 1788 864 1828 commodius
895 1791 1005 1828 tarde
1030 1790 1210 1841 navigare
1231 1804 1349 1840 quam
1378 1789 1542 1829 omnino
1563 1804 1643 1828 non
1667 1801 1704 1832 25

313 1855 493 1904 navigare
509 1870 517 1902 ;
547 1862 586 1893 et
606 1855 650 1902 si,
667 1868 757 1893 cum
779 1856 1097 1905 processerimus,
1120 1856 1378 1906 exploratiora
1393 1856 1644 1903 videbuntur,

312 1919 442 1958 etesiis
463 1928 627 1959 utemur.

354 2027 396 2061 V
565 2031 634 2063 Ser.
655 2033 688 2062 in
706 2032 887 2063 Puteolano
904 2034 950 2064 vii
963 2032 1012 2064 Id.
1035 2033 1148 2072 Quint.
1169 2045 1199 2064 a.
1220 2044 1277 2073 710
1296 2034 1382 2074 (44).

722 2110 896 2141 CICERO
919 2110 1100 2141 ATTICO
1123 2110 1231 2143 SAL.
1820 2121 1827 2151 :¹

367 2182 473 2219 Tuas
504 2181 581 2220 iam
609 2183 754 2221 litteras
785 2186 928 2222 Brutus
956 2184 1218 2233 exspectabat.
1279 2182 1355 2223 Cui
1382 2182 1544 2233 quidem
1572 2194 1644 2232 ego
1667 2194 1705 2223 ,Ὃ

314 2243 429 2298 [non]
452 2261 598 2284 novum
620 2249 826 2286 attuleram
841 2249 891 2286 de
905 2250 1034 2286 Tereo
1048 2248 1156 2286 Acci.
1201 2249 1271 2286 Ille
1287 2250 1450 2286 Brutum
1468 2247 1642 2298 putabat.

362 2360 398 2388 14
425 2350 667 2381 Brundisinum
686 2351 767 2381 Pius
892 2362 928 2391 17
947 2352 1034 2382 enirn
1051 2352 1246 2384 ORPCrat.
1266 2364 1273 2383 z
1299 2362 1364 2382 om.
1378 2352 1419 2382 M
1551 2353 1588 2382 18
1612 2356 1645 2382 et

315 2393 393 2423 add.
410 2393 588 2434 qufmcmn
732 2405 770 2434 31
797 2406 864 2425 non
882 2395 938 2426 del.
962 2396 1129 2427 Corradus
