1827 2798
548 161 661 198 EPP.
693 161 770 198 AD
800 158 1060 198 ATTICVM
1398 158 1493 195 XII.
1513 157 1606 194 xxii

145 270 242 321 quid
279 283 339 309 res
374 283 462 308 mea
490 270 688 308 familiaris
717 271 888 320 postulet
916 281 1038 319 quam
1065 280 1140 318 ego
1169 280 1250 306 non
1279 279 1373 306 curo
1400 267 1472 306 sed

145 335 242 386 quid
267 335 384 374 velim
411 343 450 374 et
477 349 547 374 cur
572 335 690 374 velim
716 335 904 373 existima.

186 482 347 518 XXIII
458 485 530 517 Scr.
551 486 701 516 Asturae
716 486 772 517 xiv
786 485 829 517 K.
849 486 882 516 A
882 490 934 526 pr.
955 496 985 516 a.
1007 495 1066 526 709
1084 484 1169 527 (45).

547 575 717 606 CICERO
747 573 935 605 ATTICO
965 572 1076 606 SAL.

108 678 125 711 5
200 665 384 702 Putaram
411 670 450 701 te
476 662 625 713 aliquid
651 663 757 711 novi,
776 664 886 712 quod
912 662 996 701 eius
1027 661 1136 700 modi
1166 662 1290 700 fuerat
1316 660 1471 700 initium
1493 672 1511 700 1

144 728 369 775 litterarum,
396 728 594 778 ‘quamvis
622 742 703 766 non
729 741 905 766 curarem
931 727 1028 777 quid
1055 727 1095 765 in
1117 726 1313 776 Hispania
1340 727 1472 774 fieret,'

145 801 278 831 tamen
299 800 337 830 te
362 792 620 842 seripturum3
650 793 720 830 sed
740 792 922 830 videlicet
949 791 1046 829 meis
1073 791 1208 829 litteris
1236 790 1472 840 respondisti

144 866 186 896 ut
206 859 257 896 de
277 859 362 896 foro
381 865 420 896 et
441 859 491 896 de
511 857 628 896 curia„
674 858 752 895 Sed
773 858 916 895 domus
936 863 1004 901 est,
1025 863 1067 893 ut
1087 855 1157 902 ais,
1177 856 1316 893 forum.
1362 855 1472 904 Quid

143 922 228 972 ipsa
247 923 369 960 domo
390 921 486 960 mihi
512 935 611 972 opus
635 929 695 960 est
719 921 867 959 carenti
892 922 1005 958 foro?
1063 920 1305 967 Occidimus,
1328 920 1472 959 occidi-

87 1002 125 1024 10
144 1000 242 1033 mus,
271 986 413 1033 Attice,
444 986 524 1024 iam
555 986 708 1037 pridem
740 999 812 1023 nos
842 985 1016 1035 quidem,
1047 985 1119 1022 sed
1153 997 1260 1022 nune
1290 986 1467 1031 fatemur,

144 1059 281 1101 postea
301 1064 421 1100 quam
441 1064 565 1088 unum
586 1063 666 1100 quo
687 1050 920 1088 tenebamur
942 1048 1156 1086 amisimus.
1218 1050 1358 1098 Itaque
1384 1049 1471 1086 soli-

143 1116 322 1154 tudinem
338 1128 481 1165 sequor
495 1122 534 1153 et
548 1122 693 1161 tamen,
709 1114 741 1152 si
757 1127 835 1163 qua
851 1127 914 1152 me
935 1127 994 1151 res
1011 1113 1085 1151 isto
1100 1113 1317 1160 adduxerit,
1333 1113 1466 1160 enitar,

142 1179 174 1217 si
195 1193 274 1229 quo
295 1180 416 1217 modo
435 1186 574 1228 potero
596 1178 750 1229 (potero
774 1176 941 1227 autem),
962 1185 1004 1215 ut
1030 1184 1181 1226 praeter
1205 1184 1243 1215 te
1263 1190 1382 1216 nemo
1402 1179 1471 1216 do-

142 1245 264 1282 lorem
294 1257 428 1281 meum
457 1242 608 1289 sentiat,
639 1242 671 1281 si
700 1244 781 1281 ullo
811 1243 933 1280 modo
963 1241 1115 1291 poterit,
1142 1254 1192 1279 ne
1221 1248 1262 1279 tu
1293 1241 1468 1291 quidem.

84 1323 120 1355 15
142 1311 274 1359 Atque
299 1308 419 1347 etiam
446 1308 511 1346 illa
537 1321 655 1346 causa
684 1316 742 1346 est
770 1321 850 1346 non
870 1306 1067 1346 veniendi.
1127 1305 1345 1345 Meministi
1372 1306 1470 1357 quid

141 1387 188 1412 ex
222 1381 259 1412 te
290 1373 454 1412 Aledius
489 1372 708 1423 quaesierit.
769 1372 850 1421 Qui
883 1371 1002 1410 etiam
1035 1384 1143 1410 nunc
1178 1371 1333 1410 molesti
1363 1379 1466 1420 sunt,

140 1438 236 1490 quid
266 1438 474 1485 existimas,
498 1438 529 1476 si
556 1440 729 1476 venero?

195 1505 257 1542 De
276 1504 462 1542 Terentia
488 1503 542 1542 ita
569 1517 662 1542 eura
687 1511 730 1541 ut
755 1501 892 1541 scribis
922 1514 1064 1552 meque
1094 1502 1168 1540 hac
1196 1503 1248 1540 ad
1278 1501 1466 1540 maximas
1486 1513 1511 1540 2

139 1568 401 1618 aegritudines
435 1568 662 1607 accessione
696 1582 777 1607 non
812 1567 982 1606 maxima
1014 1567 1147 1605 libera.
1207 1569 1258 1605 Et
1292 1575 1334 1605 ut
1368 1567 1466 1605 scias

84 1649 124 1672 20
142 1647 204 1672 me
224 1633 277 1672 ita
302 1635 436 1672 dolere
460 1642 502 1671 ut
529 1647 610 1672 non
637 1633 800 1680 iaceam,
821 1632 965 1682 quibus
991 1631 1220 1670 consulibus
1241 1632 1467 1670 Carneades

140 1705 179 1736 et
209 1711 255 1737 ea
287 1698 429 1748 legatio
455 1700 627 1736 Romam
656 1697 804 1736 venerit
839 1696 1027 1746 seriptum
1058 1703 1117 1734 est
1148 1695 1188 1733 in
1220 1704 1288 1734 tuo
1320 1695 1465 1734 annali.

142 1764 255 1801 Haec
286 1776 391 1801 nunc
425 1776 572 1812 quaero
603 1776 704 1812 quae
737 1775 855 1801 causa
893 1761 1007 1800 fuerit
1037 1760 1104 1811 (de
1135 1761 1282 1810 Oropo,
1313 1760 1465 1811 opinor,

141 1828 210 1866 sed
230 1835 379 1866 certum
404 1827 554 1878 neseio)
576 1835 625 1874 et,
648 1827 679 1865 si
700 1827 753 1865 ita
773 1835 841 1873 est,
866 1839 968 1876 quae
996 1825 1295 1864 controversiae.
1356 1827 1468 1863 Prae-

141 1899 254 1938 terea,
277 1892 345 1942 qui
373 1905 422 1930 eo
451 1900 628 1942 tempore
656 1891 799 1931 nobilis
830 1891 1047 1942 Epicureus
1077 1890 1192 1929 fuerit
1217 1889 1466 1940 Athenisque

83 1972 122 2004 25
141 1956 347 2006 praefuerit
362 1956 493 2004 hortis,
510 1957 577 2007 qui
592 1956 710 1995 etiam
724 1957 891 1995 Athenis
910 1956 1096 1995 πολιτικοὶ
1115 1955 1257 1994 fuerint
1272 1954 1465 1994 inlustres.

142 2022 255 2069 Quae
275 2021 391 2059 etiam
413 2035 459 2059 ex
479 2022 711 2071 Apollodori
733 2029 828 2071 puto
847 2035 964 2071 posse
984 2021 1159 2060 inveniri.

196 2087 258 2124 De
278 2085 410 2123 Attica
430 2088 651 2133 molestum,
675 2087 744 2124 sed
767 2086 954 2136 quoniam
977 2086 1121 2133 leviter,
1145 2093 1250 2124 recte
1269 2098 1355 2123 esse
1375 2097 1466 2123 con·
1485 2092 1510 2131 3

185 2199 204 2218 2
228 2193 262 2219 et
288 2199 348 2219 cur
369 2189 468 2219 velim
492 2188 566 2219 add.
596 2189 681 2219 Crat.
709 2188 737 2218 L
765 2189 903 2229 (marg.)
927 2200 955 2221 v.
982 2201 1005 2220 c.
1031 2184 1097 2220 Zb:
1129 2200 1194 2221 om.
1223 2188 1309 2220 codd.
1445 2189 1466 2219 8

135 2233 232 2272 prius
248 2232 297 2270 ut]
316 2238 349 2263 et
367 2232 454 2262 Reid
554 2242 588 2262 11
615 2232 831 2262 solitudinem
850 2237 902 2263 ΣΔ
919 2244 926 2264 :
950 2233 1150 2264 solitudines
1167 2244 1195 2264 v.
1214 2244 1239 2264 c.
1257 2231 1372 2263 codices
1386 2231 1470 2263 Bosz'

143 2275 242 2312 Crem,
263 2276 299 2315 cf.
323 2277 391 2307 xiii.
414 2278 462 2307 16.
486 2286 498 2305 1
619 2285 656 2314 13
681 2281 714 2306 te
732 2275 825 2306 Man.
843 2287 850 2307 :
874 2286 927 2306 me
945 2276 986 2306 Μ
1132 2287 1169 2314 14
1193 2276 1254 2311 ne]
1270 2281 1306 2306 ut
1322 2286 1365 2306 ne
1381 2277 1461 2307 coni.

145 2318 334 2359 lVescnberg
444 2329 480 2358 15
506 2318 576 2360 illa]
607 2320 670 2349 alia
698 2319 782 2349 Boot
903 2330 940 2358 19
964 2330 1031 2350 non
1049 2320 1107 2352 del.
1129 2319 1299 2351 Corradus
1423 2329 1443 2349 2

141 2362 293 2399 Athenis,
307 2363 362 2402 qui
380 2363 561 2403 praefuerit
578 2363 668 2403 vulg.
789 2363 832 2393 26
855 2363 949 2402 Quae
965 2368 999 2395 te
1016 2364 1117 2395 etiam
1135 2374 1162 2395 v.
1179 2374 1203 2395 c.
1217 2363 1245 2393 L
1263 2362 1403 2404 (marg.)
1420 2361 1451 2392 Z

141 2405 285 2436 inveniri
302 2407 379 2438 coni.
400 2406 494 2438 Man.
510 2418 518 2438 ;
541 2406 694 2437 invenire
711 2405 798 2438 codd.
