1827 2798
584 115 696 152 EPP.
729 115 805 152 Al)
836 113 1094 153 ATTICVM
1385 113 1496 150 XVI.
1519 113 1581 150 vii

177 226 359 265 admirari
387 225 478 265 satis
506 239 585 265 non
614 225 724 276 potui
759 227 866 275 quod
898 223 1083 275 scripsisti
1118 223 1179 261 his
1206 223 1343 270 verbis,
1374 224 1508 262 ‘Bene

178 291 293 341 igitur
313 299 353 329 tu
381 291 447 341 qui
479 292 709 338 εὐθανασίαιι,
734 291 858 328 benc!
889 290 1064 339 relinque
1095 288 1282 338 patriam.’
1339 290 1402 333 An
1434 301 1507 338 ego

178 356 447 406 relinquebam
477 364 543 394 aut
573 356 643 394 tibi
671 364 753 394 tum
784 355 1002 405 relinquere
1025 354 1214 392 videbar?
1270 355 1331 391 Tu
1359 353 1399 392 id
1428 367 1506 391 non

179 423 300 459 modo
331 435 410 459 non
435 421 671 472 prohibebas
696 434 830 459 verum
855 420 973 458 ctiam
999 420 1260 469 adprobabas.
1321 419 1507 456 Graviora

140 501 158 532 5
179 500 280 536 quae
300 494 455 525 restant.
518 486 668 524 ‘Velim
697 488 855 537 σχόλιοιι
879 485 1041 535 aliquod
1068 485 1202 523 elimes
1230 485 1279 522 ad
1309 498 1370 522 me
1398 497 1507 534 opor-

179 551 298 589 tuisse
328 558 365 588 te
394 550 494 588 istuc
523 552 673 588 facere.’
732 552 855 596 Itane,
887 550 940 587 mi
968 549 1127 587 Attice?
1161 548 1392 587 defensione
1421 558 1507 598 eget

179 629 310 653 meum
346 616 503 660 facturn,
541 615 765 664 praesertim
800 616 906 664 apud
937 622 976 652 te
1011 614 1077 664 qui
1112 613 1152 652 id
1188 613 1414 652 mirabiliter
1443 615 1509 652 ad-

179 679 382 730 probasti?
440 680 524 728 Ego
548 692 640 716 vero
667 678 784 716 istum
813 681 1075 731 ἀπολογισμὸν
1100 680 1341 729 συντάξομαι,
1362 679 1430 716 sed
1458 679 1509 717 ad

180 757 314 782 eorum
345 743 515 792 aliquem
546 743 690 792 quibus
723 743 852 781 invitis
883 752 921 781 et
956 743 1276 782 dissuadentibus
1311 745 1508 794 profectus

122 822 276 849 rosum.
339 807 423 846 Etsi
457 807 552 857 quid
585 807 661 845 iam
691 821 792 858 opus
822 816 880 846 est
916 810 1089 860 σχολίῳῗ
1122 809 1153 846 si
1188 822 1507 859 perseverassem,

179 888 279 925 opus
300 874 444 912 fuisset.
495 875 569 911 ‘At
584 875 661 912 hoc
682 873 810 924 ipsum⁴
827 887 907 911 non
924 875 1172 912 constanter.'
1218 876 1348 913 Nemo
1369 875 1509 912 doctus

179 953 368 989 umquam
396 938 536 989 (multa
565 946 697 976 autem
727 939 777 977 de
808 939 884 977 hoc
912 952 1054 988 genere
1084 938 1227 988 scripta
1256 939 1362 989 sunt)
1389 947 1511 977 muta-

180 1005 329 1043 tionem
364 1003 503 1042 consili
538 1003 842 1042 inconstantiam
874 1004 971 1042 dixit
1004 1018 1099 1044 esse.
1163 1006 1362 1055 Deinceps
1396 1005 1554 1056 igitur4

181 1072 288 1117 haec,
315 1070 441 1107 ‘Nam
472 1068 503 1107 si
534 1082 557 1106 a
585 1070 764 1107 Phaedro
794 1077 928 1107 nostro
960 1083 1078 1117 esses,
1103 1071 1285 1120 expedita
1311 1069 1510 1108 excusatio

123 1142 307 1183 15esset3
355 1148 460 1172 nunc
500 1134 595 1183 quid
634 1135 970 1184 respondemus?’
1038 1137 1141 1185 Ergo
1180 1135 1220 1173 id
1258 1144 1339 1173 erat
1379 1148 1509 1172 meum

180 1202 328 1238 factum
364 1200 473 1249 quod
504 1198 646 1238 Catoni
677 1200 843 1248 probare
879 1213 959 1238 non
993 1200 1171 1250 possim?
1209 1200 1329 1250 flagiti
1363 1199 1510 1238 scilicet

181 1267 342 1315 plenum
364 1272 402 1303 et
423 1263 639 1303 dedecoris.
700 1264 862 1302 Vtinam
883 1279 906 1303 a
926 1264 1052 1315 primo
1073 1265 1125 1303 ita
1145 1265 1215 1304 tibi
1236 1273 1338 1304 esset
1359 1265 1484 1303 visum
1503 1268 1509 1303 1

181 1340 222 1369 tu
262 1330 368 1378 mihi,
406 1330 505 1368 sicut
536 1343 622 1368 esse
656 1331 768 1377 soles,
802 1330 940 1368 fuisses
975 1331 1086 1369 Cato.
1147 1332 1375 1368 Extremum
1415 1330 1554 1378 illud5

180 1398 241 1435 vel
285 1394 617 1442 molestissimum,
658 1395 784 1431 ‘Nam
825 1396 966 1432 Brutus
1006 1390 1138 1433 noster
1175 1394 1286 1442 silet‚’
1324 1395 1400 1432 hoc
1440 1401 1509 1441 est,

122 1477 162 1500 20
181 1476 261 1501 non
283 1463 403 1500 audet
430 1460 633 1499 hominem
664 1459 704 1498 id
723 1459 860 1497 aetatis
889 1473 1058 1498 monere.
1118 1459 1239 1497 Aliud
1266 1458 1363 1498 nihil
1383 1458 1513 1497 habeo

182 1528 290 1577 quod
311 1541 357 1565 ex
378 1526 423 1565 iis
451 1540 474 1565 a
501 1534 539 1565 te
559 1525 687 1563 verbis
717 1524 925 1574 significari
952 1532 1098 1574 putem,
1119 1532 1159 1562 et
1186 1525 1344 1562 hercule
1365 1523 1417 1561 ita
1440 1532 1508 1561 est.

182 1594 287 1630 Nam
308 1604 380 1629 xvi
408 1593 495 1629 Kal.
521 1593 624 1640 Sept.
649 1604 740 1628 cum
767 1589 961 1627 venissem
983 1588 1147 1635 Veliam,
1172 1591 1314 1626 Brutus
1338 1587 1512 1636 audivit3

182 1666 262 1696 erat
294 1657 399 1696 enim
435 1671 525 1696 cum
563 1656 642 1695 suis
677 1655 843 1695 navibus
870 1656 978 1705 apud
1010 1657 1196 1693 Haletem
1226 1654 1388 1692 fiuvium
1416 1654 1513 1693 citra

181 1722 337 1760 Veliam
353 1722 459 1760 milia
480 1736 617 1772 passus
639 1734 697 1759 111.
751 1721 924 1760 Pedibus
939 1721 989 1758 ad
1011 1734 1074 1758 me
1090 1719 1234 1758 statim.
1286 1719 1338 1757 Di
1359 1719 1513 1758 immor-

124 1795 163 1828 25
183 1789 290 1833 tales,
331 1801 450 1837 quam
485 1788 599 1825 valde
639 1786 702 1825 ille
737 1786 863 1825 reditu
898 1787 959 1824 vel
997 1785 1128 1835 potius
1166 1784 1386 1824 reversione
1425 1798 1511 1823 mea

183 1854 348 1890 laetatus
381 1852 519 1890 effudit
558 1851 623 1890 illa
656 1851 791 1890 omnia
825 1865 926 1901 quae
961 1853 1156 1889 tacuerat!
1214 1857 1256 1888 ut
1290 1852 1512 1888 recordarer

183 1916 279 1954 illud
319 1924 429 1954 tuum
472 1918 599 1954 ‘Nam
640 1918 783 1954 Brutus
824 1924 956 1954 noster
994 1915 1105 1953 silet.’
1164 1914 1339 1952 Maxime
1378 1922 1509 1952 autern

184 1982 344 2020 dolebat
383 1994 446 2019 me
486 1983 574 2018 Kal.
611 1982 712 2020 Sext.
755 1982 794 2019 in
840 1989 977 2019 senatu
1010 1994 1090 2019 non
1129 1979 1257 2018 fuisse.
1328 1979 1509 2018 Pisonem

184 2047 332 2084 ferebat
363 2045 400 2083 in
430 2048 609 2092 caelum3
638 2060 680 2084 se
705 2054 837 2084 autem
867 2046 998 2085 laetari
1027 2047 1136 2095 quod
1162 2044 1385 2094 effugissem
1415 2046 1512 2083 duas

233 2161 260 2187 1,
277 2160 296 2179 2
322 2150 414 2179 Bene
430 2173 437 2180 .
461 2174 466 2179 .
487 2173 495 2180 .
514 2149 616 2190 bene]
643 2151 718 2179 veni
742 2173 749 2180 .
776 2175 781 2180 .
805 2173 812 2181 .
839 2151 919 2180 veni
948 2151 1023 2180 Vict.
1158 2160 1177 2179 2
1202 2149 1374 2189 relinques
1391 2150 1511 2181 Lamb.

185 2192 310 2224 Locum
328 2194 372 2223 ita
389 2193 620 2223 restituendum
638 2194 714 2224 coni.
729 2193 911 2223 Housman
924 2193 1017 2223 Tene
1037 2194 1138 2231 igitur
1149 2194 1204 2232 qui
1224 2192 1419 2231 εὐθανασὶαν,
1433 2199 1512 2224 tene

185 2238 376 2276 relinquere
395 2237 555 2275 patriam?
580 2237 646 2268 coll.
670 2237 713 2268 ix,
729 2247 756 2275 7.
775 2246 794 2276 5
905 2248 922 2275 4
949 2237 1152 2276 prohibebas
1169 2236 1220 2266 M²
1235 2236 1324 2277 vulg.
1342 2247 1348 2266 :
1374 2237 1512 2267 iubebas

186 2280 238 2310 Μ1
256 2292 263 2310 ;
298 2280 474 2310 inhibebas
491 2281 569 2310 coni.
587 2286 639 2320 ap.
663 2280 779 2310 Lamb.
796 2291 802 2310 ε
826 2280 908 2319 sorl.
924 2281 1137 2320 improbabas
1273 2290 1310 2318 14
1335 2290 1429 2310 esses
1451 2278 1490 2309 Z'
1507 2293 1513 2310 :

186 2329 278 2354 esset
294 2324 395 2354 Rom.
411 2335 418 2354 z
442 2328 534 2353 esset
550 2324 771 2363 exprobatum
786 2323 960 2354 Lehmann
1052 2326 1091 2354 16
1116 2334 1246 2363 possem
1259 2323 1389 2354 Ernesti
1473 2333 1508 2353 21

185 2378 228 2397 ex
246 2371 313 2398 velt.
331 2379 338 2398 t
362 2372 396 2398 et
413 2366 473 2397 M:
495 2378 563 2397 om.
590 2367 706 2397 Lamb.
851 2378 891 2406 23
917 2367 1076 2397 Haletem
1093 2367 1213 2398 Lamb.
1233 2371 1261 2397 et
1276 2366 1317 2396 M
1332 2367 1402 2406 (49.
1420 2368 1453 2406 9N
1473 2368 1518 2397 (td

186 2411 281 2441 Fam.
300 2411 355 2441 vii.
374 2420 426 2441 20.
446 2421 459 2440 1
476 2422 482 2442 ε
511 2410 667 2441 Heletem
686 2409 728 2440 M
859 2421 900 2449 24
925 2411 1015 2441 milia
1035 2421 1155 2449 passus
1175 2410 1216 2440 M
1233 2411 1268 2449 {fi
1291 2420 1374 2449 quae
1393 2410 1464 2441 dixi
1479 2412 1513 2441 in

185 2454 232 2485 cd.
256 2454 462 2493 Tyrrelliana,
482 2454 525 2486 vi.
540 2464 572 2493 p.
590 2455 650 2492 178
666 2465 673 2484 :
698 2454 784 2484 milia
801 2464 960 2494 passuum
977 2455 1063 2494 vulg.
1082 2466 1088 2485 z
1116 2454 1184 2486 mil.
1202 2464 1290 2493 pass.
1308 2453 1430 2484 Miiller
