1827 2798
253 117 340 155 XV.
358 116 388 153 ii
723 114 779 151 M.
811 114 980 151 TVLLI
1011 112 1317 152 CICERONIS

347 227 537 265 inciderat
576 226 614 262 in
647 233 727 262 tam
765 237 922 274 gravem
961 224 1156 271 morbum,
1189 223 1291 262 bene
1321 231 1453 262 actum
1487 237 1578 262 cum
1613 222 1679 261 illo

347 292 520 330 arbitror.
572 292 685 339 Quos
705 297 839 328 tamen
860 290 1056 327 secundos
1078 290 1242 327 heredes
1263 288 1360 327 scire
1380 288 1497 327 velim
1518 296 1556 326 et
1572 288 1677 326 diem

347 355 581 394 testamenti.

390 504 462 539 III
648 508 718 540 Scr.
737 509 771 539 in
787 507 950 549 Arpinati
961 508 999 538 xi
1012 508 1055 539 K.
1075 508 1151 540 Iun.
1173 519 1203 539 a.
1227 518 1283 548 710
1303 507 1389 549 (44).

755 597 927 628 CICERO
957 597 1138 627 ATTICO
1169 596 1275 628 SAL.

310 695 328 722 1
401 684 626 723 Vndecimo
660 686 750 722 Kal.
784 684 920 734 accepi
954 683 994 722 in
1021 684 1201 734 Arpinati
1232 685 1329 722 duas
1364 683 1549 734 epistulas
1579 692 1675 731 tuaS‚

346 750 490 800 quibus
518 750 672 788 duabus
704 749 800 787 meis
828 748 1077 799 respondisti.
1135 751 1225 786 Vna
1252 756 1332 786 erat
1357 761 1412 785 xv
1435 750 1536 795 Kal„
1558 750 1679 787 altera

347 828 408 853 x11
434 817 537 854 data.
595 816 660 853 Ad
681 815 921 865 superiorem
943 814 1057 864 igitur
1076 814 1195 864 prius.
1252 816 1443 852 Accurres
1472 813 1513 851 in
1529 816 1678 852 Tuscu-

346 883 491 928 lanum,
521 888 563 918 ut
598 880 761 927 scribis,
801 894 882 930 quo
920 893 984 918 me
1014 892 1053 917 V1
1091 881 1181 917 Kal.
1209 887 1417 917 venturum
1450 878 1674 917 arbitrabar.

347 947 469 995 Quod
498 945 635 983 scribis
669 946 889 994 parendum
920 944 1144 991 victoribus,
1179 959 1260 982 non
1295 944 1391 982 mihi
1421 943 1583 994 quidem
1614 943 1677 981 cui
1700 955 1739 977 10

346 1019 437 1049 sunt
465 1012 587 1048 multa
614 1009 776 1060 potiora.
838 1011 942 1047 Nam
972 1009 1037 1047 illa
1067 1023 1168 1059 quae
1197 1008 1412 1047 recordaris
1440 1010 1610 1046 Lentulo
1640 1017 1677 1047 et

348 1078 538 1114 Marcello
560 1075 788 1113 consulibus
808 1083 895 1113 acta
912 1075 951 1112 in
971 1076 1069 1113 aede
1083 1074 1293 1124 Apollinis,
1306 1088 1379 1112 nec
1400 1088 1518 1112 causa
1538 1076 1677 1112 eadem

346 1148 406 1179 est
432 1154 505 1179 nec
535 1140 660 1178 simile
689 1148 855 1189 tempus,
883 1139 1109 1190 praesertim
1141 1153 1231 1177 cum
1264 1141 1496 1177 Marcellum
1531 1139 1678 1177 scribas

346 1205 522 1254 aliosque
543 1204 756 1243 discedere.
817 1204 900 1242 Erit
924 1204 1038 1254 igitur
1064 1204 1179 1242 nobis
1206 1218 1338 1243 coram
1365 1206 1613 1243 odorandum
1639 1212 1677 1242 et

345 1269 668 1308 constituendum
703 1277 841 1308 tutone
874 1272 1028 1308 Romae
1062 1283 1147 1308 esse
1180 1270 1387 1320 possimus.
1448 1270 1552 1307 Novi
1586 1283 1675 1307 con-
1698 1281 1735 1310 15

345 1342 486 1373 ventus
513 1334 752 1373 habitatores
780 1348 874 1373 sane
901 1343 1061 1373 movent
1076 1350 1086 1382 3
1116 1335 1155 1372 in
1178 1334 1328 1385 magnis
1353 1335 1458 1373 enim
1479 1349 1677 1372 versamur

345 1399 544 1449 angustiis.
619 1400 697 1437 Sed
736 1406 827 1436 sunt
865 1399 938 1437 ista
976 1399 1109 1448 parvi,
1154 1399 1250 1449 quin
1284 1408 1322 1437 et
1362 1399 1508 1437 maiora
1546 1408 1677 1438 conte·
1719 1398 1722 1401 ’

347 1466 531 1504 mnimus.
590 1468 734 1505 Calvae
764 1474 1044 1504 testamentum
1071 1467 1253 1516 cognovi,
1277 1466 1450 1505 hominis
1480 1465 1602 1515 turpis
1631 1479 1676 1503 ac

345 1531 507 1569 sordidi.
555 1531 710 1569 Tabula
727 1530 938 1569 Demonici
959 1533 1067 1580 quod
1085 1531 1155 1570 tibi
1176 1546 1292 1570 curae
1313 1539 1370 1570 est
1390 1539 1554 1581 gratum.
1615 1532 1676 1568 De

346 1598 510 1636 †malo†
540 1595 675 1646 scripsi
710 1595 786 1633 iam
821 1595 974 1645 pridem
1008 1597 1059 1634 ad
1091 1597 1341 1635 Dolabellam
1372 1594 1674 1642 accuratissime,
1698 1611 1736 1632 20

345 1662 467 1699 modo
488 1661 663 1699 redditae
684 1660 833 1698 litterae
854 1660 943 1698 sint.
1002 1663 1097 1699 Eius
1118 1675 1235 1700 causa
1255 1669 1292 1700 et
1314 1661 1430 1711 cupio
1451 1668 1488 1699 et
1509 1660 1649 1698 debeo.

300 1741 325 1769 2
399 1727 529 1766 Venio
567 1729 618 1766 ad
656 1727 893 1777 propiorem.
957 1728 1137 1778 Cognovi
1169 1730 1219 1767 de
1251 1728 1442 1766 Alexione
1476 1741 1578 1777 quae
1612 1727 1677 1765 de—

343 1792 578 1831 siderabam.
642 1792 795 1829 Hirtius
835 1800 892 1830 est
933 1800 1034 1830 tuuS.
1093 1793 1281 1839 Antonio,
1322 1792 1568 1842 ’tquoniami‘
1602 1799 1671 1838 est,

345 1859 436 1896 volo
466 1857 577 1907 peius
611 1871 709 1895 esse.
770 1859 830 1895 De
864 1857 1017 1905 Quinto
1049 1858 1139 1904 filio,
1176 1866 1216 1896 ut
1249 1858 1395 1905 scribis,
1421 1861 1494 1897 †A.
1517 1859 1575 1895 M.
1601 1858 1673 1895 C.†

346 1924 408 1961 De
440 1931 547 1973 patre
581 1936 712 1960 coram
747 1937 921 1972 agemus.
984 1926 1149 1961 Brutum
1188 1924 1297 1962 omni
1331 1938 1371 1962 re
1403 1938 1481 1974 qua
1510 1936 1673 1974 possum
1696 1937 1733 1968 25

344 1987 462 2037 cupio
488 1987 630 2025 iuvare.
688 1987 811 2026 Cuius
838 1989 888 2026 de
916 1988 1160 2026 oratiuncula
1183 1988 1289 2027 idem
1310 1996 1348 2027 te
1369 1990 1478 2039 quod
1503 2002 1566 2026 me
1590 2001 1675 2026 sen-
1819 1991 1822 2075 ί

1818 2105 1821 2139 Ι

388 2104 407 2123 2
431 2093 526 2124 velim
563 2093 683 2124 Orelli:
722 2095 843 2124 vellem
878 2094 918 2124 M
1106 2097 1127 2125 6
1166 2095 1199 2125 in
1231 2094 1389 2134 Arpinati
1422 2093 1563 2125 Lamh.:
1604 2093 1672 2123 nati

345 2137 459 2173 (nacti)
486 2137 565 2168 ΣΖε
600 2148 665 2168 om.
695 2143 744 2169 A:
770 2139 802 2168 in
829 2137 959 2169 Atinati
986 2138 1107 2169 Rosius
1265 2150 1301 2176 14
1326 2149 1439 2169 coram
1464 2137 1671 2167 odorandum

345 2180 389 2210 C:
416 2191 494 2210 cura
521 2182 767 2211 moderandum
794 2181 834 2210 Μ
926 2191 962 2220 15
987 2183 1097 2213 tutine
1120 2179 1160 2211 Z‘
1174 2193 1202 2213 v.
1218 2194 1242 2213 c.
1260 2186 1334 2212 (vlle
1355 2181 1544 2220 thcnberg
1635 2190 1670 2218 17
1824 2162 1827 2194 Ι

343 2223 412 2253 Sed
440 2228 518 2253 sunt
543 2224 665 2255 Romu:
698 2225 760 2255 sed
781 2226 809 2255 si
837 2226 897 2255 M:
932 2226 994 2255 etsi
1018 2225 1211 2264 Peerlkamp
1366 2225 1415 2266 et]
1449 2224 1503 2254 vel
1531 2223 1670 2254 Miillcr:

343 2267 444 2296 ctiam
461 2267 538 2297 coni.
559 2267 673 2297 Baiter
799 2278 836 2307 19
860 2272 936 2299 ante
953 2269 1064 2299 tabula
1084 2269 1135 2299 De
1151 2268 1287 2299 addend.
1307 2269 1385 2300 ronz'.
1408 2268 1502 2298 Μαιι.
1630 2278 1671 2297 20

345 2309 449 2339 Mario
464 2309 572 2340 Mam:
600 2310 705 2341 Matio
719 2311 920 2342 Beroaldus:
945 2312 1107 2342 Montano
1120 2311 1289 2343 Schmidt:
1313 2312 1442 2342 Manlio
1455 2310 1669 2350 Slmckbmglz

330 2362 384 2390 «23
409 2363 506 2390 quarn
523 2353 587 2382 iam
605 2355 682 2384 coni.
706 2354 826 2385 Orelli:
850 2366 947 2394 quam
964 2355 1067 2388 Pius:
1091 2356 1250 2395 quoniam
1269 2355 1355 2386 male
1372 2356 1508 2386 Alanus
1629 2364 1669 2392 24

341 2396 383 2426 A.
401 2396 443 2426 M.
464 2396 522 2438 C.]
540 2395 608 2426 ἅλις
630 2397 798 2428 Turnebus
815 2398 998 2429 Gronovius
