1827 2798
184 137 279 175 XII.
302 137 380 174 xiii
681 137 737 174 M.
770 137 938 174 TVLLI
970 136 1275 175 CICERONIS

318 249 503 299 Denique
525 261 645 287 nemo
669 246 828 297 negabit
856 261 896 285 se
924 247 1139 285 iuraturum
1166 261 1285 298 quem
1312 248 1467 299 rogaris.
1527 250 1649 298 Quod

316 313 347 351 si
382 313 453 351 erit
482 313 626 359 durius,
659 312 814 351 veniam
844 320 882 350 et
912 312 994 362 ipse
1022 320 1256 362 perpetuum
1286 315 1469 352 morbum
1498 314 1646 353 iurabo.

318 379 420 417 Cum
442 377 548 415 enim
570 377 667 415 mihi
687 378 901 416 carendum
922 377 971 415 sit
994 377 1195 418 conviviis.
1218 379 1322 416 malo
1350 378 1390 417 id
1416 380 1500 429 lege
1526 379 1649 417 videri

316 443 443 480 facere
482 456 602 491 quam
641 443 787 480 dolore.
859 441 1076 481 Cocceium
1114 443 1232 480 velim
1270 444 1454 492 appelles.
1528 445 1650 492 Quod

316 506 421 545 enirn
456 507 605 545 dixerat
639 520 720 545 non
752 506 854 545 facit.
913 509 999 557 Ego
1033 514 1167 546 autem
1199 508 1290 546 volo
1323 507 1486 558 aliquod
1519 521 1650 547 emere
1671 520 1686 550 5

315 571 524 610 latibulum
545 580 583 610 et
603 571 824 622 perfugium
844 571 992 610 doloris
1012 571 1102 610 mei.

358 723 469 759 XIV
622 727 691 759 Scr.
709 727 857 758 Asturae
873 728 931 758 viii
942 727 992 758 Id.
1011 727 1111 758 Mart.
1132 738 1162 759 a.
1185 737 1244 768 709
1263 726 1344 769 (45).

731 815 904 846 CICERO
926 815 1114 847 ATTICO
1135 814 1240 847 SAL.

281 919 297 945 1
371 907 434 943 De
455 917 519 944 me
539 905 766 943 excusando
786 905 892 954 apud
912 903 1155 954 Appuleium
1176 905 1364 943 dederam
1384 905 1435 943 ad
1460 911 1498 943 te
1523 903 1649 954 pridie

316 970 472 1008 litteras.
532 969 643 1007 Nihil
673 983 758 1008 esse
787 968 920 1019 negoti
949 969 1123 1007 arbitror.
1184 970 1491 1018 Quemcumque
1519 970 1650 1018 appel·
1672 984 1709 1005 10

315 1035 404 1072 laris
434 1048 553 1073 nemo
583 1034 752 1083 negabit.
812 1035 889 1072 Sed
918 1033 1152 1084 Septimium
1179 1033 1270 1071 vide
1297 1041 1335 1072 et
1364 1035 1581 1072 Laenatem
1611 1041 1649 1072 et

316 1099 512 1137 Statilium
527 1113 538 1147 3
571 1098 694 1137 tribus
721 1097 826 1136 enim
855 1111 954 1148 opus
981 1106 1049 1137 est.
1110 1099 1188 1137 Sed
1216 1097 1313 1136 mihi
1339 1099 1494 1136 Laenas
1521 1105 1649 1136 toturn

315 1171 524 1214 receperat.

273 1239 297 1266 2
371 1230 492 1277 Quod
513 1227 649 1267 scribis
679 1241 702 1266 a
733 1227 849 1266 Iunio
879 1235 916 1266 te
945 1229 1197 1277 appellatum,
1225 1227 1390 1266 omnino
1411 1226 1647 1266 Cornificius

315 1295 491 1343 locuples
512 1300 597 1340 est3
625 1294 696 1331 sed
723 1300 855 1330 tamen
886 1292 983 1330 scire
1009 1292 1127 1330 velim
1157 1293 1319 1341 quando
1347 1291 1454 1330 dicar
1478 1305 1648 1341 spopon-
1670 1308 1706 1339 15

315 1358 420 1396 disse
454 1366 493 1396 et
526 1371 597 1407 pro
631 1366 740 1407 patre
774 1370 877 1395 anne
910 1370 981 1407 pro
1016 1357 1107 1395 filio.
1168 1359 1311 1407 Neque
1345 1370 1393 1395 eo
1428 1356 1568 1404 minus,
1605 1365 1647 1394 ut

315 1423 462 1470 scribis,
498 1430 769 1473 procuratores
800 1421 988 1462 Cornifici
1017 1429 1056 1461 et
1087 1421 1330 1473 Appuleium
1360 1421 1647 1473 praediatorem

314 1488 478 1527 videbis.

271 1556 296 1594 3
370 1554 491 1602 Quod
522 1566 585 1591 me
613 1553 664 1592 ab
694 1554 770 1591 hoc
800 1566 974 1592 maerore
1004 1552 1167 1591 recreari
1195 1552 1263 1600 vis,
1294 1552 1389 1591 facis
1419 1559 1461 1590 ut
1490 1550 1623 1590 omnia
1638 1566 1647 1599 3

314 1619 385 1658 sed
419 1632 483 1657 me
516 1617 613 1656 mihi
647 1631 728 1656 non
763 1617 934 1656 defuisse
968 1626 1010 1656 tu
1045 1617 1153 1656 testis
1191 1631 1243 1656 es.
1303 1617 1413 1655 Nihil
1452 1616 1558 1655 enim
1596 1617 1646 1655 de
1668 1632 1706 1655 20

314 1697 490 1722 maerore
511 1683 729 1721 minuendo
750 1683 938 1733 scriptum
960 1684 1010 1722 ab
1032 1685 1111 1721 ullo
1132 1691 1190 1721 est
1211 1684 1319 1733 quod
1340 1696 1413 1733 ego
1435 1696 1515 1720 non
1536 1681 1647 1720 domi

313 1757 404 1788 tuae
445 1748 615 1798 legerim.
693 1749 771 1786 Sed
810 1762 970 1787 omnem
1010 1748 1323 1787 consolationem
1361 1747 1482 1786 vincit
1520 1749 1643 1785 dolor.

315 1813 423 1863 Quin
444 1813 561 1852 etiam
589 1812 664 1851 feci
691 1814 799 1863 quod
826 1815 1004 1863 profecto
1033 1821 1124 1851 ante
1155 1827 1217 1852 me
1247 1826 1366 1851 nemo
1397 1820 1439 1850 ut
1470 1812 1552 1862 ipse
1582 1825 1645 1850 me

312 1892 382 1929 per
414 1878 560 1917 litteras
594 1880 827 1916 consolarer.
906 1880 1038 1927 Quem
1078 1878 1221 1916 librum
1255 1879 1306 1916 ad
1341 1885 1378 1915 te
1414 1877 1576 1923 mittam,
1614 1876 1645 1914 si

312 1943 588 1993 descripserint
622 1943 777 1981 librarii.
836 1944 1017 1982 Adfirmo
1047 1943 1118 1981 tibi
1151 1944 1299 1981 nullam
1331 1942 1644 1980 consolationem
1669 1956 1703 1988 25

312 2023 396 2048 esse
426 2011 555 2047 talem.
625 2010 751 2047 Totos
785 2008 868 2046 dies
903 2008 1043 2055 scribo,
1080 2022 1161 2046 non
1196 2021 1276 2057 quo
1310 2006 1512 2057 proficiam
1548 2007 1644 2056 quid

311 2075 381 2113 sed
402 2074 590 2124 tantisper
610 2073 941 2124 impedior——non
962 2073 1147 2123 equidem
1169 2072 1260 2111 satis
1280 2071 1355 2120 (vis
1376 2072 1481 2110 enim
1504 2072 1641 2123 urget),

309 2140 434 2177 —sed
454 2140 604 2177 relaxor
624 2146 756 2176 tamen
776 2139 827 2176 ad
848 2137 1061 2188 omniaque
1082 2137 1184 2175 nitor
1204 2151 1285 2175 non
1305 2138 1355 2175 ad
1375 2136 1553 2174 animum
1574 2138 1644 2175 sed

310 2205 361 2243 ad
403 2206 553 2242 vultum
593 2203 733 2254 ipsum,
775 2202 807 2241 si
845 2216 1000 2253 queam,
1041 2202 1299 2241 reficiendum
1337 2201 1457 2252 idque
1496 2201 1642 2240 faciens

355 2318 395 2347 27
421 2307 585 2346 impedior
601 2331 608 2338 .
625 2331 632 2338 .
649 2331 656 2338 .
677 2306 754 2346 sed]
774 2306 818 2336 ila
835 2306 1037 2346 interpunxit
1059 2305 1181 2345 Tyrrell
1339 2306 1381 2336 28
1405 2305 1445 2344 ad
1464 2306 1642 2343 omniaque

311 2350 369 2382 M:
396 2352 553 2390 omnique
569 2351 600 2380 vi
618 2348 826 2389 lVesenherg:
853 2350 1012 2390 omnique
1030 2360 1093 2389 ope
1107 2349 1218 2380 Cobet:
1244 2349 1423 2387 omniaque
1443 2349 1527 2378 facio
1541 2353 1641 2387 atque

311 2394 487 2425 Lehmann
576 2394 687 2425 enitor
708 2392 896 2433 W‘senlmg
1028 2403 1070 2432 29
1093 2393 1223 2423 vultum
1243 2391 1330 2423 CM:
1355 2392 1477 2422 vulnus
1496 2392 1595 2423 Rom.
