1827 2798
96 844 132 866 10

92 1493 129 1514 20

562 138 673 174 EPP.
706 137 784 173 AD
815 136 1074 174 ATTICVM
1396 137 1513 174 xxii

210 249 435 287 Redeamus
466 249 516 286 ad
548 256 711 285 nostros.
774 249 835 285 De
867 247 1009 297 quibus
1044 255 1085 286 tu
1120 248 1265 286 bonam
1297 261 1406 298 spem
1438 256 1477 286 te
1497 258 1522 295 3

154 312 349 362 significas
392 313 536 350 habere
574 320 731 361 propter
769 312 988 350 edictorum
1028 314 1322 352 humanitatem.
1392 315 1478 363 Ego

153 385 285 415 autem
317 376 505 426 perspexi,
531 390 621 415 cum
653 390 675 413 a
705 390 768 414 me
803 388 891 414 xv11
929 379 1019 415 Kal.
1049 379 1099 416 de
1132 380 1348 416 Puteolano
1380 379 1481 416 Nea-

153 441 274 492 polim
315 443 465 479 Pansae
507 441 769 479 conveniendi
810 455 927 479 causa
965 442 1273 492 proficisceretur
1312 442 1476 489 Hirtius,

152 519 312 544 omnem
354 505 436 543 eius
480 519 649 543 sensum.
714 506 859 543 Seduxi
900 506 1003 544 enim
1048 515 1085 544 et
1125 508 1175 544 ad
1216 520 1352 556 pacem
1392 520 1478 544 sum

151 573 388 610 cohortatus.
448 572 540 607 Non
580 578 731 620 poterat
770 570 917 609 scilicet
951 585 1091 621 negare
1125 585 1165 610 se
1196 574 1294 609 velle
1326 585 1476 621 pacem,

151 637 221 674 sed
248 649 328 673 non
356 634 484 672 minus
512 648 552 672 se
579 643 801 672 nostrorum
823 649 929 673 arma
957 636 1091 674 timere
1119 649 1235 685 quarn
1257 635 1417 682 Antoni,
1440 642 1478 673 et

150 708 283 738 tamen
304 707 490 748 utrosque
511 713 591 737 non
614 699 697 737 sine
718 714 835 737 causa
856 700 1092 750 praesidium
1114 700 1272 747 habere,
1285 713 1325 738 se
1345 707 1477 737 autem

150 773 315 814 utraque
335 778 442 802 arma
462 773 646 802 metuere.
708 765 816 813 Quid
838 765 1019 814 quaeris?
1048 766 1151 803 οὐδὲν
1170 766 1276 817 ὑγιές.

208 832 270 868 De
301 829 451 878 Quinto
478 830 558 867 filio
585 830 656 868 tibi
683 830 893 868 adsentior.
955 831 1057 868 Patri
1081 830 1241 879 quidem
1269 837 1372 868 certe
1397 842 1476 879 gra·
1494 837 1521 874 4

151 895 323 933 tissimae
351 895 476 933 bellae
503 903 592 933 tuae
619 895 767 933 litterae
795 897 959 933 fuerunt.
1021 895 1233 934 Caerelliae
1253 908 1344 933 vero
1365 894 1477 932 facile

151 960 242 998 satis
269 959 367 1007 feci3
401 974 474 998 nec
501 961 615 998 valde
644 961 819 998 laborare
849 960 945 997 mihi
972 959 1053 997 visa
1083 967 1150 1006 est,
1178 968 1215 997 et
1245 959 1276 997 si
1302 959 1376 1005 illa,
1403 972 1477 1009 ego

152 1034 255 1063 certe
294 1039 374 1063 non
413 1026 641 1063 laborarem.
718 1027 839 1062 Istam
879 1038 970 1062 vero
1002 1038 1120 1073 quam
1160 1024 1230 1061 tibi
1269 1025 1475 1061 molestam

152 1090 287 1128 scribis
308 1103 393 1128 esse
419 1089 593 1127 auditam
619 1103 641 1127 a
661 1097 699 1127 te
719 1103 804 1127 esse
825 1088 989 1126 omnino
1011 1088 1191 1126 demiror.
1248 1089 1350 1125 Nam
1368 1089 1477 1137 quod

113 1166 128 1196 5
151 1168 237 1192 eam
258 1153 491 1192 conlaudavi
511 1154 616 1202 apud
636 1153 784 1191 amicos
811 1152 1063 1190 audientibus
1084 1152 1206 1190 tribus
1228 1152 1314 1190 filiis
1335 1151 1417 1190 eius
1438 1159 1477 1191 et

151 1219 228 1256 filia
248 1226 325 1265 tua,
350 1220 415 1258 -Ι-τὸ
437 1222 476 1256 ἐκ
495 1220 625 1256 τούτου
648 1217 743 1267 quid
764 1225 821 1255 est
842 1218 918 1255 hoc
932 1218 974 1256 ?†

276 1287 284 1303 ‘
299 1283 407 1332 Quid
429 1290 486 1321 est
505 1284 636 1321 alitem
658 1296 726 1321 cur
746 1295 819 1332 ego
838 1284 1069 1332 personatus
1090 1282 1289 1320 ambulem
1303 1284 1319 1320 ?
1332 1284 1340 1300 '

150 1351 344 1387 Parumne
364 1349 480 1387 foeda
500 1361 666 1398 persona
687 1355 744 1386 est
765 1347 885 1397 ipsius
907 1348 1148 1386 senectutis?
1189 1349 1309 1396 Quod
1332 1349 1473 1386 Brutus
1493 1355 1517 1394 5

148 1422 257 1464 rogat
283 1422 325 1452 ut
351 1421 442 1452 ante
470 1414 683 1459 Kalendas,
707 1413 757 1450 ad
788 1426 850 1450 me
880 1426 1041 1462 quoque
1070 1412 1221 1462 scripsit
1249 1420 1286 1450 et
1313 1413 1474 1450 fortasse

148 1480 298 1518 faciam.
362 1481 440 1519 Sed
470 1481 585 1530 plane
615 1479 711 1529 quid
737 1479 829 1517 velit
858 1479 1005 1518 nescio.
1063 1479 1171 1528 Quid
1199 1479 1303 1518 enirn
1330 1479 1383 1517 illi
1410 1481 1476 1518 ad-

146 1547 243 1583 ferre
273 1544 410 1583 consili
438 1558 610 1594 possum,
637 1557 727 1582 cum
756 1543 839 1593 ipse
869 1557 1003 1593 egeam
1034 1544 1200 1582 consilio
1230 1552 1267 1582 et
1292 1558 1382 1582 cum
1410 1544 1473 1582 ille

146 1624 238 1648 suae
272 1609 553 1648 immortalitati
592 1608 729 1647 melius
769 1622 887 1658 quam
922 1617 1057 1647 nostro
1091 1609 1172 1647 otio
1206 1609 1473 1647 consuluerit?

148 1677 209 1713 De
236 1676 368 1726 regina
393 1688 525 1713 rumor
554 1673 822 1724 exstinguitur.
881 1675 944 1712 De
968 1675 1156 1722 Flamma,
1179 1675 1344 1713 obsecro
1368 1681 1419 1721 te,
1440 1674 1472 1713 si

146 1740 241 1791 quid
260 1749 385 1792 potes.

188 1889 242 1923 Ia
410 1892 480 1923 Ser.
499 1893 531 1922 in
548 1891 751 1923 Sinuessano
766 1903 810 1922 xv
827 1892 870 1923 K.
891 1891 967 1923 Iun.
987 1902 1016 1924 a.
1037 1902 1094 1931 710
1112 1892 1201 1935 (44).

549 1979 719 2010 CICERO
749 1979 930 2009 ATTICO
956 1979 1063 2010 SAL.

199 2070 307 2106 Here
334 2069 518 2105 dederam
548 2069 599 2105 ad
623 2075 660 2105 te
684 2067 829 2105 litteras
853 2068 985 2106 exiens
1012 2082 1034 2107 e
1055 2071 1274 2108 Puteolano
1298 2072 1469 2108 deverte-
1488 2082 1505 2108 1

143 2146 304 2182 ramque
331 2131 371 2169 in
393 2133 629 2170 Cumanum.
690 2131 751 2169 Ibi
780 2132 881 2169 bene
904 2134 1099 2171 valentem
1119 2134 1294 2172 videram
1315 2135 1464 2173 Piliam.

188 2247 226 2267 10
250 2241 331 2275 grat.
358 2236 466 2266 bellae
483 2236 613 2267 Bat'ler:
639 2241 723 2274 grat.
753 2242 787 2266 et
810 2236 918 2266 bellae
945 2237 985 2266 M
1134 2239 1171 2268 16
1195 2238 1260 2268 τόδ’
1277 2239 1311 2269 ἐκ
1327 2237 1466 2273 τούτου,·

147 2280 287 2320 Tyrrell:
311 2279 343 2310 τί
358 2281 394 2309 ἐκ
408 2279 544 2310 τούτου.-
570 2279 699 2318 Kayser
796 2280 834 2309 16
848 2280 929 2318 quid
947 2285 998 2310 cst
1017 2281 1101 2312 hoc?
1125 2282 1191 2312 secl.
1212 2281 1330 2312 Lamb.
1429 2293 1464 2320 17

144 2334 271 2353 versum
289 2327 396 2363 poetae
412 2322 548 2362 dispar-il
564 2322 700 2352 Palmer
809 2333 850 2352 20
867 2323 913 2352 illi
931 2322 983 2352 M-·
999 2335 1006 2355 :
1033 2325 1087 2355 illa
1105 2324 1157 2353 Ml
1286 2337 1324 2364 25
1342 2326 1426 2355 lzanc
1441 2330 1468 2354 cl

141 2368 300 2406 sequentis
320 2372 384 2406 epp.
409 2366 509 2396 lzm'lts
532 2366 604 2396 libri
626 2377 690 2396 uno
715 2369 818 2396 tenore
839 2364 897 2396 dat
916 2365 958 2396 M
1086 2378 1126 2408 27
1154 2368 1247 2399 Here
1267 2369 1310 2399 C:
1340 2369 1465 2399 Hercle

142 2410 181 2440 11!
193 2422 198 2440 ;
226 2410 310 2440 Heri
327 2410 459 2440 Ernesti
