<?xml version="1.0" encoding="UTF-8"?>
<!DOCTYPE html PUBLIC "-//W3C//DTD XHTML 1.0 Transitional//EN"
    "http://www.w3.org/TR/xhtml1/DTD/xhtml1-transitional.dtd">
<html xmlns="http://www.w3.org/1999/xhtml" xml:lang="en" lang="en">
 <head>
  <title>
</title>
<meta http-equiv="Content-Type" content="text/html;charset=utf-8" />
  <meta name='ocr-system' content='tesseract 3.04.00' />
  <meta name='ocr-capabilities' content='ocr_page ocr_carea ocr_par ocr_line ocrx_word'/>
</head>
<body>
  <div class='ocr_page' id='page_1' title='image "./epistulaerecogno0202ciceuoft_0282.png"; bbox 0 0 1827 2798; ppageno 0'>
   <div class='ocr_carea' id='block_1_1' title="bbox 188 107 1293 147">
    <p class='ocr_par' dir='ltr' id='par_1_1' title="bbox 188 107 1293 147">
     <span class='ocr_line' id='line_1_1' title="bbox 188 107 1293 147; baseline 0 -2"><span class='ocrx_word' id='word_1_1' title='bbox 188 109 361 147; x_wconf 76' lang='lat' dir='ltr'>Xv1.vi</span> <span class='ocrx_word' id='word_1_2' title='bbox 698 108 754 145; x_wconf 89' lang='lat' dir='ltr'>M.</span> <span class='ocrx_word' id='word_1_3' title='bbox 787 107 954 144; x_wconf 87' lang='lat' dir='ltr'>TVLLI</span> <span class='ocrx_word' id='word_1_4' title='bbox 986 107 1293 145; x_wconf 87' lang='lat' dir='ltr'>CICERONIS</span> 
     </span>
    </p>
   </div>
   <div class='ocr_carea' id='block_1_2' title="bbox 321 217 1692 584">
    <p class='ocr_par' dir='ltr' id='par_1_2' title="bbox 321 217 1692 584">
     <span class='ocr_line' id='line_1_2' title="bbox 323 217 1653 267; baseline -0.002 -9"><span class='ocrx_word' id='word_1_5' title='bbox 323 219 590 258; x_wconf 78' lang='lat' dir='ltr'>meminissem</span> <span class='ocrx_word' id='word_1_6' title='bbox 613 232 676 256; x_wconf 90' lang='lat' dir='ltr'>me</span> <span class='ocrx_word' id='word_1_7' title='bbox 703 218 870 255; x_wconf 81' lang='lat' dir='ltr'>abusum</span> <span class='ocrx_word' id='word_1_8' title='bbox 893 217 967 256; x_wconf 91' lang='lat' dir='ltr'>isto</span> <span class='ocrx_word' id='word_1_9' title='bbox 995 218 1239 267; x_wconf 87' lang='lat' dir='ltr'>prohoemio,</span> <span class='ocrx_word' id='word_1_10' title='bbox 1262 218 1414 258; x_wconf 89' lang='lat' dir='ltr'>conieci</span> <span class='ocrx_word' id='word_1_11' title='bbox 1442 218 1482 258; x_wconf 93' lang='lat' dir='ltr'>id</span> <span class='ocrx_word' id='word_1_12' title='bbox 1503 219 1541 257; x_wconf 89' lang='lat' dir='ltr'>in</span> <span class='ocrx_word' id='word_1_13' title='bbox 1563 233 1653 258; x_wconf 88' lang='lat' dir='ltr'>eum</span> 
     </span>
     <span class='ocr_line' id='line_1_3' title="bbox 321 282 1653 334; baseline -0.002 -12"><span class='ocrx_word' id='word_1_14' title='bbox 321 286 463 323; x_wconf 85' lang='lat' dir='ltr'>librum</span> <span class='ocrx_word' id='word_1_15' title='bbox 507 297 626 333; x_wconf 90' lang='lat' dir='ltr'>quem</span> <span class='ocrx_word' id='word_1_16' title='bbox 666 282 737 320; x_wconf 89' lang='lat' dir='ltr'>tibi</span> <span class='ocrx_word' id='word_1_17' title='bbox 783 282 880 320; x_wconf 91' lang='lat' dir='ltr'>misi.</span> <span class='ocrx_word' id='word_1_18' title='bbox 961 283 1064 322; x_wconf 90' lang='lat' dir='ltr'>Cum</span> <span class='ocrx_word' id='word_1_19' title='bbox 1103 290 1234 321; x_wconf 89' lang='lat' dir='ltr'>autem</span> <span class='ocrx_word' id='word_1_20' title='bbox 1275 282 1314 320; x_wconf 88' lang='lat' dir='ltr'>in</span> <span class='ocrx_word' id='word_1_21' title='bbox 1354 283 1442 321; x_wconf 88' lang='lat' dir='ltr'>navi</span> <span class='ocrx_word' id='word_1_22' title='bbox 1485 285 1653 334; x_wconf 87' lang='lat' dir='ltr'>legerem</span> 
     </span>
     <span class='ocr_line' id='line_1_4' title="bbox 322 347 1653 398; baseline -0.002 -10"><span class='ocrx_word' id='word_1_23' title='bbox 322 348 598 397; x_wconf 77' lang='lat' dir='ltr'>Academicos,</span> <span class='ocrx_word' id='word_1_24' title='bbox 619 347 789 398; x_wconf 79' lang='lat' dir='ltr'>adgnovi</span> <span class='ocrx_word' id='word_1_25' title='bbox 811 355 978 386; x_wconf 87' lang='lat' dir='ltr'>erratum</span> <span class='ocrx_word' id='word_1_26' title='bbox 1002 362 1145 386; x_wconf 87' lang='lat' dir='ltr'>meum.</span> <span class='ocrx_word' id='word_1_27' title='bbox 1194 350 1334 398; x_wconf 87' lang='lat' dir='ltr'>Itaque</span> <span class='ocrx_word' id='word_1_28' title='bbox 1355 349 1484 387; x_wconf 87' lang='lat' dir='ltr'>statim</span> <span class='ocrx_word' id='word_1_29' title='bbox 1506 363 1653 387; x_wconf 86' lang='lat' dir='ltr'>novum</span> 
     </span>
     <span class='ocr_line' id='line_1_5' title="bbox 323 412 1654 465; baseline 0 -13"><span class='ocrx_word' id='word_1_30' title='bbox 323 414 598 465; x_wconf 79' lang='lat' dir='ltr'>prohoemium</span> <span class='ocrx_word' id='word_1_31' title='bbox 628 412 780 452; x_wconf 82' lang='lat' dir='ltr'>exaravi</span> <span class='ocrx_word' id='word_1_32' title='bbox 802 422 839 451; x_wconf 91' lang='lat' dir='ltr'>et</span> <span class='ocrx_word' id='word_1_33' title='bbox 867 413 937 451; x_wconf 93' lang='lat' dir='ltr'>tibi</span> <span class='ocrx_word' id='word_1_34' title='bbox 966 413 1064 451; x_wconf 89' lang='lat' dir='ltr'>misi.</span> <span class='ocrx_word' id='word_1_35' title='bbox 1124 416 1186 451; x_wconf 70' lang='lat' dir='ltr'>Tu</span> <span class='ocrx_word' id='word_1_36' title='bbox 1215 413 1310 452; x_wconf 87' lang='lat' dir='ltr'>illud</span> <span class='ocrx_word' id='word_1_37' title='bbox 1338 414 1553 461; x_wconf 82' lang='lat' dir='ltr'>desecabis,</span> <span class='ocrx_word' id='word_1_38' title='bbox 1577 415 1654 452; x_wconf 91' lang='lat' dir='ltr'>hoc</span> 
     </span>
     <span class='ocr_line' id='line_1_6' title="bbox 321 478 1692 530; baseline -0.001 -12"><span class='ocrx_word' id='word_1_39' title='bbox 321 479 596 530; x_wconf 78' lang='lat' dir='ltr'>adglutinabis.</span> <span class='ocrx_word' id='word_1_40' title='bbox 658 479 778 518; x_wconf 77' lang='lat' dir='ltr'>Piliae</span> <span class='ocrx_word' id='word_1_41' title='bbox 799 481 965 518; x_wconf 83' lang='lat' dir='ltr'>salutem</span> <span class='ocrx_word' id='word_1_42' title='bbox 986 478 1094 518; x_wconf 91' lang='lat' dir='ltr'>dices</span> <span class='ocrx_word' id='word_1_43' title='bbox 1116 487 1154 517; x_wconf 90' lang='lat' dir='ltr'>et</span> <span class='ocrx_word' id='word_1_44' title='bbox 1175 479 1342 528; x_wconf 85' lang='lat' dir='ltr'>Atticae,</span> <span class='ocrx_word' id='word_1_45' title='bbox 1364 479 1514 518; x_wconf 87' lang='lat' dir='ltr'>deliciis</span> <span class='ocrx_word' id='word_1_46' title='bbox 1535 487 1655 529; x_wconf 87' lang='lat' dir='ltr'>atque</span> <span class='ocrx_word' id='word_1_47' title='bbox 1675 490 1692 522; x_wconf 91' lang='lat'>5</span> 
     </span>
     <span class='ocr_line' id='line_1_7' title="bbox 321 544 651 584; baseline -0.006 0"><span class='ocrx_word' id='word_1_48' title='bbox 321 545 521 584; x_wconf 84' lang='lat' dir='ltr'>amoribus</span> <span class='ocrx_word' id='word_1_49' title='bbox 542 544 651 583; x_wconf 88' lang='lat' dir='ltr'>meis.</span> 
     </span>
    </p>
   </div>
   <div class='ocr_carea' id='block_1_3' title="bbox 364 654 1608 765">
    <p class='ocr_par' dir='ltr' id='par_1_3' title="bbox 364 654 1608 765">
     <span class='ocr_line' id='line_1_8' title="bbox 364 654 1608 698; baseline -0.001 -9"><span class='ocrx_word' id='word_1_50' title='bbox 364 654 456 689; x_wconf 81' lang='lat' dir='ltr'>VII</span> <span class='ocrx_word' id='word_1_51' title='bbox 501 657 639 698; x_wconf 73' lang='lat' dir='ltr'>Scripsit</span> <span class='ocrx_word' id='word_1_52' title='bbox 649 658 814 698; x_wconf 64' lang='lat' dir='ltr'>navtgans</span> <span class='ocrx_word' id='word_1_53' title='bbox 831 656 878 687; x_wconf 81' lang='lat' dir='ltr'>ad</span> <span class='ocrx_word' id='word_1_54' title='bbox 890 657 1132 697; x_wconf 78' lang='lat' dir='ltr'>Pompez&#39;anmn</span> <span class='ocrx_word' id='word_1_55' title='bbox 1150 657 1205 688; x_wconf 85' lang='lat' dir='ltr'>xiv</span> <span class='ocrx_word' id='word_1_56' title='bbox 1221 656 1263 689; x_wconf 88' lang='lat' dir='ltr'>K.</span> <span class='ocrx_word' id='word_1_57' title='bbox 1281 656 1371 698; x_wconf 80' lang='lat' dir='ltr'>Sept.</span> <span class='ocrx_word' id='word_1_58' title='bbox 1389 667 1418 688; x_wconf 83' lang='grc' dir='ltr'>α.</span> <span class='ocrx_word' id='word_1_59' title='bbox 1443 666 1501 696; x_wconf 86' lang='lat'>710</span> <span class='ocrx_word' id='word_1_60' title='bbox 1518 656 1608 698; x_wconf 77' lang='lat'>(44).</span> 
     </span>
     <span class='ocr_line' id='line_1_9' title="bbox 739 733 1237 765; baseline 0 0"><span class='ocrx_word' id='word_1_61' title='bbox 739 733 909 765; x_wconf 86' lang='lat' dir='ltr'><em>CICERO</em></span> <span class='ocrx_word' id='word_1_62' title='bbox 932 733 1111 764; x_wconf 80' lang='lat' dir='ltr'><em>ATTICO</em></span> <span class='ocrx_word' id='word_1_63' title='bbox 1132 733 1237 765; x_wconf 63' lang='lat' dir='ltr'>SAL.</span> 
     </span>
    </p>
   </div>
   <div class='ocr_carea' id='block_1_4' title="bbox 277 805 1820 2294">
    <p class='ocr_par' dir='ltr' id='par_1_4' title="bbox 285 805 1715 1570">
     <span class='ocr_line' id='line_1_10' title="bbox 285 805 1654 858; baseline 0 -14"><span class='ocrx_word' id='word_1_64' title='bbox 285 823 301 849; x_wconf 86' lang='lat'>1</span> <span class='ocrx_word' id='word_1_65' title='bbox 376 819 448 845; x_wconf 79' lang='lat' dir='ltr'>vl11</span> <span class='ocrx_word' id='word_1_66' title='bbox 479 808 574 845; x_wconf 86' lang='lat' dir='ltr'>Idus</span> <span class='ocrx_word' id='word_1_67' title='bbox 600 806 728 845; x_wconf 81' lang='lat' dir='ltr'>Sextil.</span> <span class='ocrx_word' id='word_1_68' title='bbox 753 819 844 844; x_wconf 92' lang='lat' dir='ltr'>cum</span> <span class='ocrx_word' id='word_1_69' title='bbox 871 819 894 844; x_wconf 88' lang='lat' dir='ltr'>a</span> <span class='ocrx_word' id='word_1_70' title='bbox 922 807 1168 856; x_wconf 79' lang='lat' dir='ltr'>Leucopetra</span> <span class='ocrx_word' id='word_1_71' title='bbox 1193 807 1391 856; x_wconf 89' lang='lat' dir='ltr'>profectus</span> <span class='ocrx_word' id='word_1_72' title='bbox 1413 806 1523 858; x_wconf 89' lang='lat' dir='ltr'>(inde</span> <span class='ocrx_word' id='word_1_73' title='bbox 1548 805 1654 845; x_wconf 90' lang='lat' dir='ltr'>enim</span> 
     </span>
     <span class='ocr_line' id='line_1_11' title="bbox 319 870 1715 922; baseline -0.001 -12"><span class='ocrx_word' id='word_1_74' title='bbox 319 872 602 922; x_wconf 86' lang='lat' dir='ltr'>tramittebam)</span> <span class='ocrx_word' id='word_1_75' title='bbox 624 871 750 910; x_wconf 87' lang='lat' dir='ltr'>stadia</span> <span class='ocrx_word' id='word_1_76' title='bbox 773 870 925 909; x_wconf 79' lang='lat' dir='ltr'>circiter</span> <span class='ocrx_word' id='word_1_77' title='bbox 953 882 1028 908; x_wconf 86' lang='lat' dir='ltr'>CCC</span> <span class='ocrx_word' id='word_1_78' title='bbox 1060 871 1349 920; x_wconf 78' lang='lat' dir='ltr'>processissem,</span> <span class='ocrx_word' id='word_1_79' title='bbox 1372 871 1538 910; x_wconf 87' lang='lat' dir='ltr'>reiectus</span> <span class='ocrx_word' id='word_1_80' title='bbox 1566 884 1652 909; x_wconf 90' lang='lat' dir='ltr'>sum</span> <span class='ocrx_word' id='word_1_81' title='bbox 1676 886 1715 909; x_wconf 86' lang='lat'>10</span> 
     </span>
     <span class='ocr_line' id='line_1_12' title="bbox 318 936 1654 986; baseline -0.001 -11"><span class='ocrx_word' id='word_1_82' title='bbox 318 945 449 975; x_wconf 82' lang='lat' dir='ltr'>austro</span> <span class='ocrx_word' id='word_1_83' title='bbox 474 936 699 975; x_wconf 84' lang='lat' dir='ltr'>vehementi</span> <span class='ocrx_word' id='word_1_84' title='bbox 725 937 775 974; x_wconf 91' lang='lat' dir='ltr'>ad</span> <span class='ocrx_word' id='word_1_85' title='bbox 804 937 971 974; x_wconf 88' lang='lat' dir='ltr'>eandem</span> <span class='ocrx_word' id='word_1_86' title='bbox 1004 938 1301 986; x_wconf 82' lang='lat' dir='ltr'>Leucopetram.</span> <span class='ocrx_word' id='word_1_87' title='bbox 1364 936 1426 975; x_wconf 89' lang='lat' dir='ltr'>Ibi</span> <span class='ocrx_word' id='word_1_88' title='bbox 1453 950 1544 975; x_wconf 91' lang='lat' dir='ltr'>cum</span> <span class='ocrx_word' id='word_1_89' title='bbox 1565 950 1654 974; x_wconf 92' lang='lat' dir='ltr'>ven-</span> 
     </span>
     <span class='ocr_line' id='line_1_13' title="bbox 320 1000 1654 1053; baseline -0.001 -13"><span class='ocrx_word' id='word_1_90' title='bbox 320 1010 402 1040; x_wconf 90' lang='lat' dir='ltr'>tum</span> <span class='ocrx_word' id='word_1_91' title='bbox 424 1010 689 1053; x_wconf 78' lang='lat' dir='ltr'>exspectarem</span> <span class='ocrx_word' id='word_1_92' title='bbox 706 1000 802 1051; x_wconf 79' lang='lat' dir='ltr'>&lt;erat</span> <span class='ocrx_word' id='word_1_93' title='bbox 823 1001 927 1039; x_wconf 87' lang='lat' dir='ltr'>enim</span> <span class='ocrx_word' id='word_1_94' title='bbox 945 1001 1035 1039; x_wconf 81' lang='lat' dir='ltr'>villa</span> <span class='ocrx_word' id='word_1_95' title='bbox 1052 1001 1182 1039; x_wconf 79' lang='lat' dir='ltr'>Valeri</span> <span class='ocrx_word' id='word_1_96' title='bbox 1204 1001 1337 1049; x_wconf 81' lang='lat' dir='ltr'>nostri,</span> <span class='ocrx_word' id='word_1_97' title='bbox 1354 1010 1395 1040; x_wconf 90' lang='lat' dir='ltr'>ut</span> <span class='ocrx_word' id='word_1_98' title='bbox 1416 1001 1654 1040; x_wconf 81' lang='lat' dir='ltr'>familiariter</span> 
     </span>
     <span class='ocr_line' id='line_1_14' title="bbox 319 1065 1654 1117; baseline -0.002 -10"><span class='ocrx_word' id='word_1_99' title='bbox 319 1082 446 1107; x_wconf 80' lang='lat' dir='ltr'>essem</span> <span class='ocrx_word' id='word_1_100' title='bbox 485 1076 522 1107; x_wconf 89' lang='lat' dir='ltr'>et</span> <span class='ocrx_word' id='word_1_101' title='bbox 561 1067 758 1117; x_wconf 74' lang='lat' dir='ltr'>libenter),</span> <span class='ocrx_word' id='word_1_102' title='bbox 800 1066 941 1115; x_wconf 78' lang='lat' dir='ltr'>Regini</span> <span class='ocrx_word' id='word_1_103' title='bbox 975 1065 1138 1115; x_wconf 86' lang='lat' dir='ltr'>quidam</span> <span class='ocrx_word' id='word_1_104' title='bbox 1179 1065 1346 1105; x_wconf 85' lang='lat' dir='ltr'>illustres</span> <span class='ocrx_word' id='word_1_105' title='bbox 1386 1066 1566 1105; x_wconf 85' lang='lat' dir='ltr'>homines</span> <span class='ocrx_word' id='word_1_106' title='bbox 1605 1080 1654 1105; x_wconf 92' lang='lat' dir='ltr'>eo</span> 
     </span>
     <span class='ocr_line' id='line_1_15' title="bbox 320 1131 1653 1181; baseline -0.002 -10"><span class='ocrx_word' id='word_1_107' title='bbox 320 1140 510 1172; x_wconf 81' lang='lat' dir='ltr'>venerunt</span> <span class='ocrx_word' id='word_1_108' title='bbox 546 1135 676 1170; x_wconf 87' lang='lat' dir='ltr'>Roma</span> <span class='ocrx_word' id='word_1_109' title='bbox 714 1145 807 1170; x_wconf 82' lang='lat' dir='ltr'>sane</span> <span class='ocrx_word' id='word_1_110' title='bbox 843 1139 1030 1179; x_wconf 87' lang='lat' dir='ltr'>recentes,</span> <span class='ocrx_word' id='word_1_111' title='bbox 1068 1131 1107 1169; x_wconf 92' lang='lat' dir='ltr'>in</span> <span class='ocrx_word' id='word_1_112' title='bbox 1138 1131 1184 1170; x_wconf 89' lang='lat' dir='ltr'>iis</span> <span class='ocrx_word' id='word_1_113' title='bbox 1216 1132 1325 1169; x_wconf 85' lang='lat' dir='ltr'>Bruti</span> <span class='ocrx_word' id='word_1_114' title='bbox 1357 1132 1478 1170; x_wconf 86' lang='lat' dir='ltr'>nostri</span> <span class='ocrx_word' id='word_1_115' title='bbox 1509 1133 1653 1181; x_wconf 88' lang='lat' dir='ltr'>hospes</span> 
     </span>
     <span class='ocr_line' id='line_1_16' title="bbox 319 1197 1712 1249; baseline -0.002 -12"><span class='ocrx_word' id='word_1_116' title='bbox 319 1199 385 1249; x_wconf 86' lang='lat' dir='ltr'>qui</span> <span class='ocrx_word' id='word_1_117' title='bbox 410 1201 572 1236; x_wconf 83' lang='lat' dir='ltr'>Brutum</span> <span class='ocrx_word' id='word_1_118' title='bbox 596 1197 764 1247; x_wconf 80' lang='lat' dir='ltr'>Neapoli</span> <span class='ocrx_word' id='word_1_119' title='bbox 786 1197 1014 1247; x_wconf 86' lang='lat' dir='ltr'>reliquisset.</span> <span class='ocrx_word' id='word_1_120' title='bbox 1078 1198 1192 1235; x_wconf 91' lang='lat' dir='ltr'>Haec</span> <span class='ocrx_word' id='word_1_121' title='bbox 1212 1198 1452 1243; x_wconf 86' lang='lat' dir='ltr'>adferebant,</span> <span class='ocrx_word' id='word_1_122' title='bbox 1478 1197 1651 1235; x_wconf 88' lang='lat' dir='ltr'>edictum</span> <span class='ocrx_word' id='word_1_123' title='bbox 1677 1212 1712 1242; x_wconf 82' lang='lat'>15</span> 
     </span>
     <span class='ocr_line' id='line_1_17' title="bbox 321 1262 1653 1311; baseline -0.001 -10"><span class='ocrx_word' id='word_1_124' title='bbox 321 1263 429 1301; x_wconf 87' lang='lat' dir='ltr'>Bruti</span> <span class='ocrx_word' id='word_1_125' title='bbox 469 1270 507 1301; x_wconf 90' lang='lat' dir='ltr'>et</span> <span class='ocrx_word' id='word_1_126' title='bbox 542 1262 664 1308; x_wconf 85' lang='lat' dir='ltr'>Cassi,</span> <span class='ocrx_word' id='word_1_127' title='bbox 699 1270 736 1300; x_wconf 89' lang='lat' dir='ltr'>et</span> <span class='ocrx_word' id='word_1_128' title='bbox 772 1263 852 1300; x_wconf 84' lang='lat' dir='ltr'>fore</span> <span class='ocrx_word' id='word_1_129' title='bbox 888 1263 1133 1311; x_wconf 83' lang='lat' dir='ltr'>frequentem</span> <span class='ocrx_word' id='word_1_130' title='bbox 1168 1270 1347 1300; x_wconf 85' lang='lat' dir='ltr'>senatum</span> <span class='ocrx_word' id='word_1_131' title='bbox 1391 1262 1594 1309; x_wconf 84' lang='lat' dir='ltr'>Kalendis,</span> <span class='ocrx_word' id='word_1_132' title='bbox 1630 1275 1653 1300; x_wconf 88' lang='lat' dir='ltr'>a</span> 
     </span>
     <span class='ocr_line' id='line_1_18' title="bbox 322 1326 1653 1377; baseline -0.002 -10"><span class='ocrx_word' id='word_1_133' title='bbox 322 1331 444 1367; x_wconf 85' lang='lat' dir='ltr'>Bruto</span> <span class='ocrx_word' id='word_1_134' title='bbox 468 1335 505 1366; x_wconf 91' lang='lat' dir='ltr'>et</span> <span class='ocrx_word' id='word_1_135' title='bbox 536 1327 675 1367; x_wconf 75' lang='lat' dir='ltr'>Cassio</span> <span class='ocrx_word' id='word_1_136' title='bbox 704 1326 850 1365; x_wconf 81' lang='lat' dir='ltr'>litteras</span> <span class='ocrx_word' id='word_1_137' title='bbox 880 1326 1018 1364; x_wconf 72' lang='lat' dir='ltr'>missas</span> <span class='ocrx_word' id='word_1_138' title='bbox 1046 1327 1097 1365; x_wconf 87' lang='lat' dir='ltr'>ad</span> <span class='ocrx_word' id='word_1_139' title='bbox 1128 1327 1343 1365; x_wconf 87' lang='lat' dir='ltr'>consularis</span> <span class='ocrx_word' id='word_1_140' title='bbox 1371 1335 1408 1365; x_wconf 94' lang='lat' dir='ltr'>et</span> <span class='ocrx_word' id='word_1_141' title='bbox 1438 1326 1653 1377; x_wconf 85' lang='lat' dir='ltr'>praetorios</span> 
     </span>
     <span class='ocr_line' id='line_1_19' title="bbox 320 1391 1653 1442; baseline -0.002 -10"><span class='ocrx_word' id='word_1_142' title='bbox 320 1402 361 1432; x_wconf 88' lang='lat' dir='ltr'>ut</span> <span class='ocrx_word' id='word_1_143' title='bbox 395 1395 579 1432; x_wconf 78' lang='lat' dir='ltr'>adessent</span> <span class='ocrx_word' id='word_1_144' title='bbox 617 1406 761 1442; x_wconf 83' lang='lat' dir='ltr'>rogare.</span> <span class='ocrx_word' id='word_1_145' title='bbox 822 1394 1026 1430; x_wconf 82' lang='lat' dir='ltr'>Summam</span> <span class='ocrx_word' id='word_1_146' title='bbox 1066 1406 1177 1442; x_wconf 85' lang='lat' dir='ltr'>spem</span> <span class='ocrx_word' id='word_1_147' title='bbox 1218 1391 1466 1430; x_wconf 79' lang='lat' dir='ltr'>nuntiabant-</span> <span class='ocrx_word' id='word_1_148' title='bbox 1492 1394 1573 1430; x_wconf 89' lang='lat' dir='ltr'>fore</span> <span class='ocrx_word' id='word_1_149' title='bbox 1611 1400 1653 1430; x_wconf 90' lang='lat' dir='ltr'>ut</span> 
     </span>
     <span class='ocr_line' id='line_1_20' title="bbox 322 1456 1650 1505; baseline -0.001 -8"><span class='ocrx_word' id='word_1_150' title='bbox 322 1459 518 1498; x_wconf 80' lang='lat' dir='ltr'>Antonius</span> <span class='ocrx_word' id='word_1_151' title='bbox 549 1460 716 1505; x_wconf 86' lang='lat' dir='ltr'>cederet,</span> <span class='ocrx_word' id='word_1_152' title='bbox 748 1471 808 1496; x_wconf 89' lang='lat' dir='ltr'>res</span> <span class='ocrx_word' id='word_1_153' title='bbox 837 1457 1074 1505; x_wconf 81' lang='lat' dir='ltr'>conveniret,</span> <span class='ocrx_word' id='word_1_154' title='bbox 1108 1456 1228 1496; x_wconf 82' lang='lat' dir='ltr'>nostri</span> <span class='ocrx_word' id='word_1_155' title='bbox 1263 1458 1434 1495; x_wconf 85' lang='lat' dir='ltr'>Romam</span> <span class='ocrx_word' id='word_1_156' title='bbox 1469 1457 1650 1496; x_wconf 86' lang='lat' dir='ltr'>redirent.</span> 
     </span>
     <span class='ocr_line' id='line_1_21' title="bbox 321 1522 1714 1570; baseline -0.004 -7"><span class='ocrx_word' id='word_1_157' title='bbox 321 1525 536 1563; x_wconf 87' lang='lat' dir='ltr'>Addebant</span> <span class='ocrx_word' id='word_1_158' title='bbox 557 1523 675 1562; x_wconf 84' lang='lat' dir='ltr'>etiam</span> <span class='ocrx_word' id='word_1_159' title='bbox 696 1536 760 1561; x_wconf 90' lang='lat' dir='ltr'>me</span> <span class='ocrx_word' id='word_1_160' title='bbox 781 1522 1006 1570; x_wconf 90' lang='lat' dir='ltr'>desiderari,</span> <span class='ocrx_word' id='word_1_161' title='bbox 1028 1522 1289 1561; x_wconf 86' lang='lat' dir='ltr'>subaccusari.</span> <span class='ocrx_word' id='word_1_162' title='bbox 1673 1536 1714 1558; x_wconf 87' lang='lat'>20</span> 
     </span>
    </p>

    <p class='ocr_par' dir='ltr' id='par_1_5' title="bbox 322 1588 1654 1705">
     <span class='ocr_line' id='line_1_22' title="bbox 376 1588 1653 1639; baseline -0.002 -11"><span class='ocrx_word' id='word_1_163' title='bbox 376 1592 490 1639; x_wconf 85' lang='lat' dir='ltr'>Quae</span> <span class='ocrx_word' id='word_1_164' title='bbox 524 1603 614 1627; x_wconf 89' lang='lat' dir='ltr'>cum</span> <span class='ocrx_word' id='word_1_165' title='bbox 649 1588 859 1635; x_wconf 80' lang='lat' dir='ltr'>audissem,</span> <span class='ocrx_word' id='word_1_166' title='bbox 891 1588 975 1626; x_wconf 88' lang='lat' dir='ltr'>sine</span> <span class='ocrx_word' id='word_1_167' title='bbox 1010 1590 1088 1627; x_wconf 88' lang='lat' dir='ltr'>ulla</span> <span class='ocrx_word' id='word_1_168' title='bbox 1122 1588 1372 1627; x_wconf 84' lang='lat' dir='ltr'>dubitatione</span> <span class='ocrx_word' id='word_1_169' title='bbox 1405 1588 1531 1626; x_wconf 89' lang='lat' dir='ltr'>abieci</span> <span class='ocrx_word' id='word_1_170' title='bbox 1563 1602 1653 1627; x_wconf 89' lang='lat' dir='ltr'>con-</span> 
     </span>
     <span class='ocr_line' id='line_1_23' title="bbox 322 1654 1654 1705; baseline 0 -12"><span class='ocrx_word' id='word_1_171' title='bbox 322 1655 450 1694; x_wconf 88' lang='lat' dir='ltr'>silium</span> <span class='ocrx_word' id='word_1_172' title='bbox 480 1654 732 1705; x_wconf 84' lang='lat' dir='ltr'>profectionis</span> <span class='ocrx_word' id='word_1_173' title='bbox 757 1668 837 1704; x_wconf 92' lang='lat' dir='ltr'>quo</span> <span class='ocrx_word' id='word_1_174' title='bbox 862 1668 925 1692; x_wconf 92' lang='lat' dir='ltr'>me</span> <span class='ocrx_word' id='word_1_175' title='bbox 950 1655 1108 1693; x_wconf 87' lang='lat' dir='ltr'>hercule</span> <span class='ocrx_word' id='word_1_176' title='bbox 1140 1669 1190 1693; x_wconf 88' lang='lat' dir='ltr'>ne</span> <span class='ocrx_word' id='word_1_177' title='bbox 1221 1662 1337 1693; x_wconf 85' lang='lat' dir='ltr'>antea</span> <span class='ocrx_word' id='word_1_178' title='bbox 1362 1654 1522 1704; x_wconf 85' lang='lat' dir='ltr'>quidem</span> <span class='ocrx_word' id='word_1_179' title='bbox 1552 1656 1654 1693; x_wconf 78' lang='lat' dir='ltr'>dele-</span> 
     </span>
    </p>

    <p class='ocr_par' dir='ltr' id='par_1_6' title="bbox 279 1719 1820 2228">
     <span class='ocr_line' id='line_1_24' title="bbox 279 1719 1653 1770; baseline -0.001 -9"><span class='ocrx_word' id='word_1_180' title='bbox 279 1734 304 1762; x_wconf 86' lang='lat'>2</span> <span class='ocrx_word' id='word_1_181' title='bbox 322 1721 465 1759; x_wconf 84' lang='lat' dir='ltr'>ctabar.</span> <span class='ocrx_word' id='word_1_182' title='bbox 526 1720 656 1758; x_wconf 76' lang='lat' dir='ltr'>Lectis</span> <span class='ocrx_word' id='word_1_183' title='bbox 678 1733 769 1758; x_wconf 84' lang='lat' dir='ltr'>vero</span> <span class='ocrx_word' id='word_1_184' title='bbox 790 1719 865 1757; x_wconf 91' lang='lat' dir='ltr'>tuis</span> <span class='ocrx_word' id='word_1_185' title='bbox 893 1719 1027 1758; x_wconf 89' lang='lat' dir='ltr'>litteris</span> <span class='ocrx_word' id='word_1_186' title='bbox 1053 1720 1268 1759; x_wconf 82' lang='lat' dir='ltr'>admiratus</span> <span class='ocrx_word' id='word_1_187' title='bbox 1289 1720 1474 1770; x_wconf 80' lang='lat' dir='ltr'>equidem</span> <span class='ocrx_word' id='word_1_188' title='bbox 1504 1734 1590 1758; x_wconf 87' lang='lat' dir='ltr'>sum</span> <span class='ocrx_word' id='word_1_189' title='bbox 1616 1728 1653 1759; x_wconf 91' lang='lat' dir='ltr'>te</span> 
     </span>
     <span class='ocr_line' id='line_1_25' title="bbox 322 1785 1654 1832; baseline -0.001 -8"><span class='ocrx_word' id='word_1_190' title='bbox 322 1795 400 1824; x_wconf 88' lang='lat' dir='ltr'>tam</span> <span class='ocrx_word' id='word_1_191' title='bbox 435 1787 689 1823; x_wconf 70' lang='lat' dir='ltr'>vehementer</span> <span class='ocrx_word' id='word_1_192' title='bbox 731 1785 966 1823; x_wconf 83' lang='lat' dir='ltr'>sententiam</span> <span class='ocrx_word' id='word_1_193' title='bbox 1011 1793 1287 1832; x_wconf 84' lang='lat' dir='ltr'>commutasse,</span> <span class='ocrx_word' id='word_1_194' title='bbox 1328 1787 1398 1823; x_wconf 90' lang='lat' dir='ltr'>sed</span> <span class='ocrx_word' id='word_1_195' title='bbox 1444 1799 1523 1823; x_wconf 92' lang='lat' dir='ltr'>non</span> <span class='ocrx_word' id='word_1_196' title='bbox 1569 1785 1654 1824; x_wconf 86' lang='lat' dir='ltr'>sine</span> 
     </span>
     <span class='ocr_line' id='line_1_26' title="bbox 320 1850 1711 1900; baseline 0 -11"><span class='ocrx_word' id='word_1_197' title='bbox 320 1864 438 1889; x_wconf 84' lang='lat' dir='ltr'>causa</span> <span class='ocrx_word' id='word_1_198' title='bbox 467 1850 691 1888; x_wconf 87' lang='lat' dir='ltr'>arbitrabar.</span> <span class='ocrx_word' id='word_1_199' title='bbox 752 1850 847 1897; x_wconf 85' lang='lat' dir='ltr'>Etsi,</span> <span class='ocrx_word' id='word_1_200' title='bbox 880 1851 1058 1900; x_wconf 88' lang='lat' dir='ltr'>quamvis</span> <span class='ocrx_word' id='word_1_201' title='bbox 1089 1865 1169 1889; x_wconf 91' lang='lat' dir='ltr'>non</span> <span class='ocrx_word' id='word_1_202' title='bbox 1200 1851 1316 1889; x_wconf 85' lang='lat' dir='ltr'>fueris</span> <span class='ocrx_word' id='word_1_203' title='bbox 1352 1864 1486 1889; x_wconf 80' lang='lat' dir='ltr'>suasor</span> <span class='ocrx_word' id='word_1_204' title='bbox 1517 1859 1555 1889; x_wconf 91' lang='lat' dir='ltr'>et</span> <span class='ocrx_word' id='word_1_205' title='bbox 1585 1851 1653 1889; x_wconf 89' lang='lat' dir='ltr'>im-</span> <span class='ocrx_word' id='word_1_206' title='bbox 1675 1863 1711 1894; x_wconf 88' lang='lat'>25</span> 
     </span>
     <span class='ocr_line' id='line_1_27' title="bbox 320 1915 1652 1966; baseline 0.001 -12"><span class='ocrx_word' id='word_1_207' title='bbox 320 1918 452 1966; x_wconf 82' lang='lat' dir='ltr'>pulsor</span> <span class='ocrx_word' id='word_1_208' title='bbox 473 1915 725 1966; x_wconf 86' lang='lat' dir='ltr'>profectionis</span> <span class='ocrx_word' id='word_1_209' title='bbox 748 1929 869 1963; x_wconf 83' lang='lat' dir='ltr'>meae,</span> <span class='ocrx_word' id='word_1_210' title='bbox 893 1917 1132 1966; x_wconf 85' lang='lat' dir='ltr'>adprobator</span> <span class='ocrx_word' id='word_1_211' title='bbox 1152 1924 1256 1955; x_wconf 92' lang='lat' dir='ltr'>certe</span> <span class='ocrx_word' id='word_1_212' title='bbox 1277 1916 1394 1963; x_wconf 82' lang='lat' dir='ltr'>fuisti,</span> <span class='ocrx_word' id='word_1_213' title='bbox 1413 1918 1508 1954; x_wconf 89' lang='lat' dir='ltr'>dum</span> <span class='ocrx_word' id='word_1_214' title='bbox 1531 1918 1652 1955; x_wconf 90' lang='lat' dir='ltr'>modo</span> 
     </span>
     <span class='ocr_line' id='line_1_28' title="bbox 322 1981 1652 2031; baseline 0 -12"><span class='ocrx_word' id='word_1_215' title='bbox 322 1983 409 2019; x_wconf 84' lang='lat' dir='ltr'>Kal.</span> <span class='ocrx_word' id='word_1_216' title='bbox 434 1983 516 2019; x_wconf 88' lang='lat' dir='ltr'>Ian.</span> <span class='ocrx_word' id='word_1_217' title='bbox 543 1983 696 2019; x_wconf 87' lang='lat' dir='ltr'>Romae</span> <span class='ocrx_word' id='word_1_218' title='bbox 717 1995 855 2019; x_wconf 81' lang='lat' dir='ltr'>essem.</span> <span class='ocrx_word' id='word_1_219' title='bbox 919 1983 979 2019; x_wconf 89' lang='lat' dir='ltr'>Ita</span> <span class='ocrx_word' id='word_1_220' title='bbox 1000 1982 1119 2019; x_wconf 85' lang='lat' dir='ltr'>fiebat</span> <span class='ocrx_word' id='word_1_221' title='bbox 1140 1989 1192 2027; x_wconf 85' lang='lat' dir='ltr'>ut,</span> <span class='ocrx_word' id='word_1_222' title='bbox 1216 1982 1310 2020; x_wconf 92' lang='lat' dir='ltr'>dum</span> <span class='ocrx_word' id='word_1_223' title='bbox 1334 1981 1462 2019; x_wconf 85' lang='lat' dir='ltr'>minus</span> <span class='ocrx_word' id='word_1_224' title='bbox 1490 1981 1652 2031; x_wconf 87' lang='lat' dir='ltr'>periculi</span> 
     </span>
     <span class='ocr_line' id='line_1_29' title="bbox 320 2046 1650 2097; baseline 0 -13"><span class='ocrx_word' id='word_1_225' title='bbox 320 2047 523 2094; x_wconf 88' lang='lat' dir='ltr'>videretur,</span> <span class='ocrx_word' id='word_1_226' title='bbox 546 2048 741 2094; x_wconf 84' lang='lat' dir='ltr'>abessem,</span> <span class='ocrx_word' id='word_1_227' title='bbox 763 2047 801 2084; x_wconf 90' lang='lat' dir='ltr'>in</span> <span class='ocrx_word' id='word_1_228' title='bbox 823 2049 1023 2085; x_wconf 87' lang='lat' dir='ltr'>flammam</span> <span class='ocrx_word' id='word_1_229' title='bbox 1044 2046 1170 2097; x_wconf 87' lang='lat' dir='ltr'>ipsam</span> <span class='ocrx_word' id='word_1_230' title='bbox 1191 2047 1376 2085; x_wconf 91' lang='lat' dir='ltr'>venirem.</span> <span class='ocrx_word' id='word_1_231' title='bbox 1436 2048 1514 2085; x_wconf 86' lang='lat' dir='ltr'>Sed</span> <span class='ocrx_word' id='word_1_232' title='bbox 1541 2048 1650 2093; x_wconf 85' lang='lat' dir='ltr'>haec,</span> 
     </span>
     <span class='ocr_line' id='line_1_30' title="bbox 319 2082 1820 2163; baseline -0.001 -13"><span class='ocrx_word' id='word_1_233' title='bbox 319 2112 436 2151; x_wconf 85' lang='lat' dir='ltr'>etiam</span> <span class='ocrx_word' id='word_1_234' title='bbox 457 2112 488 2151; x_wconf 89' lang='lat' dir='ltr'>si</span> <span class='ocrx_word' id='word_1_235' title='bbox 510 2127 590 2152; x_wconf 91' lang='lat' dir='ltr'>non</span> <span class='ocrx_word' id='word_1_236' title='bbox 612 2115 834 2163; x_wconf 89' lang='lat' dir='ltr'>prudenter,</span> <span class='ocrx_word' id='word_1_237' title='bbox 850 2120 983 2150; x_wconf 88' lang='lat' dir='ltr'>tamen</span> <span class='ocrx_word' id='word_1_238' title='bbox 1004 2114 1215 2162; x_wconf 81' lang='grc' dir='ltr'>ἀνεμέσητα</span> <span class='ocrx_word' id='word_1_239' title='bbox 1235 2120 1338 2155; x_wconf 86' lang='lat' dir='ltr'>sunt,</span> <span class='ocrx_word' id='word_1_240' title='bbox 1352 2111 1520 2162; x_wconf 89' lang='lat' dir='ltr'>primum</span> <span class='ocrx_word' id='word_1_241' title='bbox 1542 2113 1651 2161; x_wconf 90' lang='lat' dir='ltr'>quod</span> <span class='ocrx_word' id='word_1_242' title='bbox 1817 2082 1820 2146; x_wconf 63' lang='lat' dir='ltr'>i</span> 
     </span>
     <span class='ocr_line' id='line_1_31' title="bbox 320 2178 1711 2228; baseline 0.001 -12"><span class='ocrx_word' id='word_1_243' title='bbox 320 2180 370 2216; x_wconf 92' lang='lat' dir='ltr'>de</span> <span class='ocrx_word' id='word_1_244' title='bbox 391 2192 478 2217; x_wconf 90' lang='lat' dir='ltr'>mea</span> <span class='ocrx_word' id='word_1_245' title='bbox 499 2180 694 2218; x_wconf 87' lang='lat' dir='ltr'>sententia</span> <span class='ocrx_word' id='word_1_246' title='bbox 714 2187 801 2218; x_wconf 88' lang='lat' dir='ltr'>acta</span> <span class='ocrx_word' id='word_1_247' title='bbox 822 2187 921 2226; x_wconf 89' lang='lat' dir='ltr'>sunt,</span> <span class='ocrx_word' id='word_1_248' title='bbox 946 2179 1091 2218; x_wconf 89' lang='lat' dir='ltr'>deinde</span> <span class='ocrx_word' id='word_1_249' title='bbox 1112 2179 1228 2218; x_wconf 87' lang='lat' dir='ltr'>etiam</span> <span class='ocrx_word' id='word_1_250' title='bbox 1251 2179 1281 2216; x_wconf 89' lang='lat' dir='ltr'>si</span> <span class='ocrx_word' id='word_1_251' title='bbox 1303 2187 1340 2217; x_wconf 93' lang='lat' dir='ltr'>te</span> <span class='ocrx_word' id='word_1_252' title='bbox 1360 2187 1534 2225; x_wconf 84' lang='lat' dir='ltr'>auctore,</span> <span class='ocrx_word' id='word_1_253' title='bbox 1554 2178 1649 2228; x_wconf 91' lang='lat' dir='ltr'>quid</span> <span class='ocrx_word' id='word_1_254' title='bbox 1671 2190 1711 2222; x_wconf 82' lang='lat'>30</span> 
     </span>
    </p>

    <p class='ocr_par' dir='ltr' id='par_1_7' title="bbox 277 2244 1650 2294">
     <span class='ocr_line' id='line_1_32' title="bbox 277 2244 1650 2294; baseline 0 -12"><span class='ocrx_word' id='word_1_255' title='bbox 277 2245 441 2292; x_wconf 86' lang='lat' dir='ltr'>3debet</span> <span class='ocrx_word' id='word_1_256' title='bbox 474 2244 541 2294; x_wconf 90' lang='lat' dir='ltr'>qui</span> <span class='ocrx_word' id='word_1_257' title='bbox 577 2244 785 2283; x_wconf 83' lang='lat' dir='ltr'>consilium</span> <span class='ocrx_word' id='word_1_258' title='bbox 824 2246 891 2283; x_wconf 84' lang='lat' dir='ltr'>dat</span> <span class='ocrx_word' id='word_1_259' title='bbox 926 2252 1120 2294; x_wconf 87' lang='lat' dir='ltr'>praestare</span> <span class='ocrx_word' id='word_1_260' title='bbox 1150 2252 1301 2294; x_wconf 88' lang='lat' dir='ltr'>praeter</span> <span class='ocrx_word' id='word_1_261' title='bbox 1339 2244 1489 2283; x_wconf 90' lang='lat' dir='ltr'>fidem?</span> <span class='ocrx_word' id='word_1_262' title='bbox 1546 2245 1650 2282; x_wconf 91' lang='lat' dir='ltr'>Illud</span> 
     </span>
    </p>
   </div>
   <div class='ocr_carea' id='block_1_5' title="bbox 319 2347 1651 2432">
    <p class='ocr_par' dir='ltr' id='par_1_8' title="bbox 319 2347 1651 2432">
     <span class='ocr_line' id='line_1_33' title="bbox 364 2347 1651 2391; baseline 0 -13"><span class='ocrx_word' id='word_1_263' title='bbox 364 2359 383 2388; x_wconf 83' lang='lat'>5</span> <span class='ocrx_word' id='word_1_264' title='bbox 408 2348 548 2379; x_wconf 83' lang='lat' dir='ltr'>salutem</span> <span class='ocrx_word' id='word_1_265' title='bbox 564 2349 672 2391; x_wconf 84' lang='lat' dir='ltr'>dices]</span> <span class='ocrx_word' id='word_1_266' title='bbox 687 2349 721 2381; x_wconf 89' lang='lat' dir='ltr'>S.</span> <span class='ocrx_word' id='word_1_267' title='bbox 737 2349 775 2380; x_wconf 94' lang='lat' dir='ltr'>D.</span> <span class='ocrx_word' id='word_1_268' title='bbox 794 2348 835 2378; x_wconf 89' lang='grc' dir='ltr'><em>Μ</em></span> <span class='ocrx_word' id='word_1_269' title='bbox 951 2359 990 2378; x_wconf 85' lang='lat'>12</span> <span class='ocrx_word' id='word_1_270' title='bbox 1014 2349 1150 2379; x_wconf 85' lang='lat' dir='ltr'>suberat</span> <span class='ocrx_word' id='word_1_271' title='bbox 1167 2349 1243 2379; x_wconf 84' lang='lat' dir='ltr'>coni.</span> <span class='ocrx_word' id='word_1_272' title='bbox 1262 2347 1385 2379; x_wconf 73' lang='lat' dir='ltr'>Miiller</span> <span class='ocrx_word' id='word_1_273' title='bbox 1496 2358 1532 2387; x_wconf 88' lang='lat'>17</span> <span class='ocrx_word' id='word_1_274' title='bbox 1553 2347 1651 2388; x_wconf 80' lang='lat' dir='ltr'>prius</span> 
     </span>
     <span class='ocr_line' id='line_1_34' title="bbox 319 2392 1124 2432; baseline -0.001 -9"><span class='ocrx_word' id='word_1_275' title='bbox 319 2397 352 2423; x_wconf 88' lang='lat' dir='ltr'>et</span> <span class='ocrx_word' id='word_1_276' title='bbox 371 2392 422 2422; x_wconf 85' lang='lat' dir='ltr'>M²</span> <span class='ocrx_word' id='word_1_277' title='bbox 438 2405 444 2423; x_wconf 83' lang='lat' dir='ltr'>z</span> <span class='ocrx_word' id='word_1_278' title='bbox 468 2403 535 2423; x_wconf 84' lang='lat' dir='ltr'>om.</span> <span class='ocrx_word' id='word_1_279' title='bbox 555 2393 594 2422; x_wconf 91' lang='lat' dir='ltr'><em>M</em></span> <span class='ocrx_word' id='word_1_280' title='bbox 602 2393 611 2410; x_wconf 86' lang='lat'>¹</span> <span class='ocrx_word' id='word_1_281' title='bbox 763 2394 801 2423; x_wconf 90' lang='lat'>18</span> <span class='ocrx_word' id='word_1_282' title='bbox 826 2403 945 2432; x_wconf 81' lang='lat' dir='ltr'>rogare</span> <span class='ocrx_word' id='word_1_283' title='bbox 963 2392 1019 2423; x_wconf 85' lang='lat' dir='ltr'>del.</span> <span class='ocrx_word' id='word_1_284' title='bbox 1038 2392 1124 2422; x_wconf 70' lang='lat' dir='ltr'>Reid</span> 
     </span>
    </p>
   </div>
   <div class='ocr_carea' id='block_1_6' title="bbox 1809 1728 1827 2753">
    <p class='ocr_par' dir='ltr' id='par_1_9' title="bbox 1809 1728 1827 2753">
     <span class='ocr_line' id='line_1_35' title="bbox 1809 1728 1827 2753; baseline 0 0"><span class='ocrx_word' id='word_1_285' title='bbox 1809 1728 1827 2753; x_wconf 95' lang='lat' dir='ltr'> </span> 
     </span>
    </p>
   </div>
   <div class='ocr_carea' id='block_1_7' title="bbox 1807 2403 1827 2798">
    <p class='ocr_par' dir='ltr' id='par_1_10' title="bbox 1807 2403 1827 2798">
     <span class='ocr_line' id='line_1_36' title="bbox 1807 2403 1827 2798; baseline 0 0"><span class='ocrx_word' id='word_1_286' title='bbox 1807 2403 1827 2798; x_wconf 95' lang='lat' dir='ltr'> </span> 
     </span>
    </p>
   </div>
  </div>
 </body>
</html>
