1827 2798
196 145 244 182 X.
263 142 309 180 xi
631 139 687 176 Μ.
719 137 887 175 TVLLI
919 133 1226 174 CICERONIS

267 255 337 293 sed
369 252 511 302 quibus
546 250 585 288 in
616 249 726 287 malis
758 255 795 286 et
828 260 905 297 qua
936 246 976 284 in
1007 245 1280 296 desperatione
1311 259 1438 284 rerum
1473 244 1594 283 simus

268 319 388 357 vides.

224 395 249 423 2
324 384 397 421 Illa
435 383 485 420 de
524 379 674 418 ratione
712 377 932 416 nummaria
965 390 1046 415 non
1081 384 1172 415 sunt
1203 375 1286 415 eius
1320 375 1429 414 modi
1461 375 1596 427 (saepe

267 449 372 487 enim
402 447 522 486 audio
552 460 598 485 ex
623 446 726 496 ipso)
757 452 799 482 ut
828 458 909 483 non
939 443 1070 494 cupiat
1097 442 1168 481 tibi
1197 449 1391 493 praestare
1417 449 1455 480 et
1481 441 1521 479 in
1549 455 1596 480 eo

266 513 428 551 laboret.
488 512 567 550 Sed
596 510 627 549 si
658 509 752 548 mihi
783 511 833 558 Q.
855 508 978 547 Axius
1007 508 1047 546 in
1076 509 1151 545 hac
1180 520 1268 545 mea
1297 508 1387 557 fuga
1418 508 1488 544 HS
1518 507 1598 543 iffi
1618 519 1634 550 5

268 591 349 615 non
370 576 497 616 reddit
519 589 619 626 quae
641 574 733 614 dedi
758 574 841 612 eius
866 574 947 612 filio
974 580 1110 611 mutua
1136 580 1174 611 et
1202 571 1321 609 utitur
1347 570 1598 610 excusatione

268 642 466 692 temporis,
499 641 530 679 si
562 644 696 691 Lepta,
728 640 759 678 si
794 639 924 686 ceteri,
956 640 1065 677 soleo
1099 637 1227 675 mirari
1258 639 1308 675 de
1342 636 1476 674 nescio
1511 636 1598 685 quis

269 709 340 746 HS
359 708 422 745 Ξῖ
449 721 539 745 cum
567 706 687 745 audio
711 719 756 744 ex
784 705 851 743 illo
877 718 918 743 se
945 703 1080 754 urgeri.
1139 702 1263 741 Vides
1290 702 1395 740 enim
1422 703 1598 751 profecto

268 772 477 823 angustias.
523 771 659 811 Curari
680 778 812 809 tamen
833 784 878 808 ea
899 769 970 808 tibi
990 769 1126 819 utique
1146 767 1264 806 iubet.
1315 769 1379 805 An
1401 766 1597 805 existimas

269 838 379 876 illum
408 837 447 875 in
478 837 553 875 isto
581 850 723 887 genere
756 836 948 874 lentulum
979 842 1046 873 aut
1075 833 1323 873 restrictum?
1380 834 1511 871 Nemo
1540 839 1598 870 est
1621 847 1662 870 10

225 908 250 946 3
271 903 410 941 minus.
472 905 532 941 De
553 903 668 940 fratre
688 901 790 940 satis.

325 970 387 1007 De
415 967 497 1006 eius
526 967 605 1005 filio
633 967 794 1005 indulsit
821 965 875 1004 illi
903 965 1064 1016 quidem
1092 979 1185 1003 suus
1215 971 1324 1014 pater
1351 976 1506 1013 semper
1531 963 1601 1000 sed

269 1046 349 1071 non
371 1032 462 1071 facit
483 1032 726 1082 indulgentia
747 1033 980 1070 mendacem
1002 1038 1068 1068 aut
1088 1043 1246 1068 avarum
1271 1036 1337 1066 aut
1366 1042 1445 1065 non
1470 1041 1600 1065 aman-

268 1106 348 1136 tem
370 1111 544 1145 suorum,
565 1099 735 1136 ferocem
757 1099 919 1135 fortasse
939 1104 1058 1146 atque
1078 1097 1333 1145 adrogantem
1355 1102 1393 1132 et
1414 1094 1599 1131 infestum

267 1163 369 1201 facit.
432 1164 572 1212 Itaque
593 1163 712 1200 habet
733 1163 831 1200 haec
851 1175 1011 1211 quoque
1036 1174 1136 1210 quae
1161 1166 1375 1198 nascuntur
1402 1173 1448 1196 ex
1475 1157 1600 1196 indul·
1624 1169 1660 1201 15

267 1227 407 1278 gentia,
446 1229 515 1266 sed
550 1241 597 1266 ea
635 1234 725 1265 sunt
759 1226 975 1265 tolerabilia
1013 1225 1127 1277 (quid
1166 1224 1271 1263 enim
1310 1223 1487 1274 dicam?)
1527 1224 1601 1260 hac

268 1292 496 1339 iuventute3
525 1306 572 1330 ea
600 1305 702 1338 vero,
726 1304 826 1341 quae
855 1290 949 1328 mihi
974 1290 1135 1340 quidem
1163 1289 1230 1339 qui
1257 1288 1366 1326 illum
1395 1302 1486 1326 amo
1511 1295 1601 1326 sunt

268 1357 327 1395 his
352 1356 444 1407 ipsis
473 1356 584 1395 malis
612 1356 651 1394 in
679 1356 767 1406 quis
794 1369 929 1394 sumus
957 1355 1166 1402 miseriora,
1190 1367 1270 1392 non
1299 1361 1389 1392 sunt
1412 1354 1463 1392 ab
1491 1353 1602 1391 obse-

267 1422 362 1472 quio
383 1429 528 1460 nostro.
589 1423 693 1459 Nam
715 1434 804 1459 suas
824 1420 976 1459 radices
995 1421 1166 1467 habent?
1198 1434 1294 1470 quas
1316 1428 1448 1458 tamen
1465 1421 1602 1457 evelle-

267 1501 348 1525 rem
384 1488 572 1537 profecto,
606 1486 637 1525 si
669 1486 810 1525 liceret.
871 1487 949 1524 Sed
980 1499 1026 1524 ea
1057 1493 1233 1536 tempora
1268 1494 1358 1524 sunt
1392 1493 1433 1524 ut
1468 1486 1601 1524 omnia
1622 1501 1663 1524 20

270 1552 365 1589 mihi
387 1552 462 1590 sint
483 1552 679 1602 patienda.
740 1554 826 1601 Ego
847 1565 978 1590 meum
995 1552 1109 1590 facile
1128 1560 1245 1591 teneo
1263 1568 1269 1597 ;
1299 1552 1395 1590 nihil
1417 1560 1474 1590 est
1495 1551 1600 1590 enim

270 1631 317 1655 eo
357 1616 607 1655 tractabilius.
668 1617 822 1665 Quoius
861 1616 1023 1667 quidem
1058 1618 1325 1657 misericordia
1359 1617 1603 1668 languidiora

270 1684 402 1720 adhuc
428 1681 592 1720 consilia
619 1681 705 1732 cepi
733 1689 770 1719 et
800 1695 881 1731 quo
909 1682 973 1721 ille
1003 1697 1066 1721 me
1095 1683 1300 1722 certiorem
1330 1685 1412 1721 vult
1441 1696 1526 1721 esse
1555 1696 1603 1721 eo

274 1747 396 1797 magis
417 1747 538 1785 timeo
559 1760 609 1784 ne
629 1746 668 1784 in
690 1760 780 1784 eum
802 1747 983 1785 exsistam
1005 1749 1208 1787 crudelior.

228 1823 256 1861 4
329 1813 407 1850 Sed
442 1811 639 1849 Antonius
673 1811 779 1849 venit
813 1812 895 1850 heri
929 1813 1089 1863 vesperi.
1151 1815 1235 1851 Iam
1266 1815 1428 1852 fortasse
1457 1814 1507 1852 ad
1539 1827 1601 1851 me
1622 1824 1660 1856 25

273 1877 402 1916 veniet
423 1884 490 1915 aut
511 1891 560 1915 ne
587 1876 627 1915 id
655 1877 827 1927 quidem,
852 1878 1040 1928 quoniam
1066 1878 1217 1929 scripsit
1242 1879 1337 1929 quid
1366 1879 1446 1917 fieri
1473 1881 1599 1917 vellet.

272 1944 351 1982 Sed
390 1942 489 1981 scies
527 1941 717 1981 continuo
752 1942 847 1992 quid
881 1950 1014 1981 actum
1048 1943 1107 1981 sit.
1167 1945 1252 1982 Nos
1287 1944 1362 1982 iam
1400 1944 1495 1981 nihil
1530 1943 1603 1982 nisi

271 2009 436 2046 occulte.

327 2075 388 2111 De
431 2071 560 2122 pueris
600 2071 695 2121 quid
734 2073 878 2122 agam?
924 2086 1097 2122 parvone
1134 2073 1289 2123 navigio
1328 2073 1603 2112 committam?

272 2137 381 2185 Quid
421 2136 517 2174 mihi
556 2135 677 2174 animi
712 2136 751 2174 in
786 2136 1008 2186 navigando
1043 2151 1179 2176 censes
1218 2140 1329 2177 fore?
1400 2139 1604 2177 Recordor
1625 2149 1665 2180 30

315 2250 334 2279 5
358 2239 526 2278 ffilfort.
546 2239 607 2277 {tl—1,
628 2239 666 2277 cJ‘I
686 2249 734 2277 15.
749 2251 768 2278 4
936 2251 973 2270 12
1002 2241 1052 2271 De
1070 2241 1142 2272 eius
1163 2241 1252 2282 vulg.
1273 2254 1280 2272 :
1305 2241 1388 2272 lenis
1406 2242 1439 2282 in
1458 2240 1516 2272 M:
1552 2242 1603 2271 De

272 2283 344 2313 eins
361 2284 463 2313 infido
482 2283 680 2313 Lehmann:
709 2283 758 2314 De
777 2284 850 2314 eius
869 2284 990 2314 iuvene
1008 2284 1132 2314 Mala-r
1238 2296 1280 2315 20
1304 2290 1457 2326 tempora
1472 2291 1550 2316 sunt
1568 2290 1603 2316 ut

277 2326 322 2356 W
335 2327 421 2357 Crat.
437 2325 480 2355 ΖΙ)
499 2338 506 2357 z
530 2337 593 2358 om.
615 2330 669 2358 ΣΔ
802 2337 841 2357 21
868 2328 937 2358 sint
955 2328 1043 2360 Crat.
1062 2323 1132 2360 Zb:
1156 2333 1235 2359 sunt
1253 2328 1295 2358 M
