1827 2798
610 146 722 185 EPP.
754 148 831 185 AD
861 147 1120 187 ATTICVM
1444 149 1537 187 XII.
1561 147 1608 186 iv

198 256 277 295 Sed
305 269 394 294 vere
423 255 573 296 laudari
601 256 665 296 ille
694 257 751 296 vir
778 271 860 297 non
889 266 1018 308 potest
1047 258 1120 297 nisi
1147 259 1245 298 haec
1271 266 1408 298 ornata
1434 258 1521 307 sint,

198 321 307 370 quod
330 320 393 359 ille
421 334 467 359 ea
492 334 594 372 quae
620 335 726 360 nunc
753 330 844 361 sunt
871 330 910 361 et
934 324 1062 361 futura
1081 323 1220 362 viderit
1249 331 1287 362 et
1311 337 1360 362 ne
1387 325 1525 363 fierent

197 385 444 424 contenderit
476 394 514 424 et
545 388 646 425 facta
677 401 727 426 ne
760 387 908 426 videret
939 388 1058 426 vitam
1098 388 1304 438 reliquerit.
1366 389 1524 428 Horum

197 449 292 500 quid
313 458 371 488 est
391 452 500 500 quod
515 452 659 490 Aledio
679 453 844 502 probare
864 452 1090 502 possimus?
1128 453 1206 492 Sed
1227 466 1329 501 cura,
1344 455 1524 503 obsecro,

159 526 176 558 5
196 522 238 552 ut
258 516 386 553 valeas
408 529 575 566 eamque
595 529 715 566 quam
741 517 793 555 ad
819 516 947 555 omnis
974 530 1034 555 res
1060 517 1226 556 adhibes
1256 518 1296 556 in
1316 518 1452 569 primis
1471 519 1523 559 ad

196 581 554 619 convalescendum
574 581 720 619 adhibe
739 581 1000 631 prudentiam.

236 729 279 765 V
453 732 524 765 Ser.
540 732 573 764 in
596 733 780 765 Tusculano
796 734 840 766 in.
859 745 902 765 m.
921 734 1035 775 Quint.
1053 745 1085 767 α.
1106 736 1169 775 708
1181 734 1274 779 (46).

608 821 778 853 CICERO
800 822 980 854 ATTICO
1003 823 1111 856 SAL.

249 908 422 958 Quintus
442 917 552 960 pater
571 917 752 959 quartum
776 911 838 948 vel
864 910 994 960 potius
1022 910 1272 950 millesimum
1298 912 1395 951 nihil
1419 913 1519 964 sapit
1537 925 1555 952 1

136 993 176 1016 10
196 974 263 1024 qui
287 976 449 1012 laetetur
473 975 654 1024 Luperco
677 974 758 1012 filio
784 982 822 1013 et
849 974 972 1013 Statio
998 983 1040 1013 ut
1066 983 1199 1014 cernat
1227 976 1375 1026 duplici
1403 979 1521 1017 dede-

190 1052 284 1077 core
304 1040 544 1076 cumulatam
564 1040 739 1076 domum.
797 1040 918 1077 Addo
938 1039 1056 1077 etiam
1073 1039 1329 1078 Philotimum
1350 1041 1517 1080 tertium.

194 1104 229 1142 O
251 1102 464 1149 stultitiam,
487 1101 560 1140 nisi
583 1115 671 1140 mea
691 1102 814 1140 maior
833 1110 949 1151 esset,
969 1103 1205 1153 singularem
1222 1107 1228 1142 ἒ
1259 1106 1367 1154 quod
1387 1113 1520 1144 autem

191 1181 234 1206 os
255 1167 295 1205 in
316 1168 418 1205 hanc
438 1180 519 1205 rem
546 1167 671 1217 ἔρανον
694 1181 719 1206 a
742 1171 805 1206 tel
863 1170 940 1206 Fac
967 1181 1047 1206 non
1071 1169 1123 1207 ad
1150 1172 1158 1188 ‘
1172 1169 1339 1219 διψῶσαν
1364 1171 1518 1220 κρήνην’

190 1233 260 1272 Sed
292 1233 344 1270 ad
374 1232 560 1281 Πειρήνην
588 1246 679 1271 eum
707 1233 872 1280 venisse,
905 1235 915 1252 ‘
932 1234 1126 1283 ἄμπνευμα
1154 1236 1291 1284 σεμνὸν
1317 1234 1519 1285 'Ammoi'

134 1315 170 1347 15
189 1298 229 1336 in
263 1306 301 1337 te
331 1299 492 1349 ‘xpffirffi'
522 1305 565 1336 ut
594 1298 739 1346 scribis,
772 1298 934 1346 haurire,
967 1298 1007 1336 in
1036 1299 1153 1338 tantis
1183 1299 1262 1338 suis
1290 1301 1517 1350 praesertim

188 1363 386 1414 angustiis,
409 1366 475 1401 ποῖ
495 1367 610 1402 ταῦτα
633 1365 703 1414 ἄρα
730 1364 940 1413 ἀποσκήψει
952 1382 964 1408 ;
994 1365 1071 1403 Sed
1097 1363 1182 1415 ipse
1207 1364 1356 1404 Viderit.
1416 1367 1517 1406 Cato
1536 1377 1560 1405 2

188 1442 252 1468 me
272 1428 435 1480 quidem
455 1430 635 1477 delectat,
659 1430 729 1468 sed
750 1429 868 1468 etiam
890 1431 1056 1468 Bassum
1078 1429 1275 1469 Lucilium
1294 1443 1374 1470 sua.

229 1580 272 1616 V
285 1592 310 1617 a
447 1582 517 1616 Ser.
533 1585 566 1614 z'n
590 1584 774 1615 Tusculano
786 1583 873 1624 prid.
891 1582 935 1614 K.
953 1583 1031 1615 Iun.
1049 1594 1079 1615 a.
1100 1593 1159 1625 709
1175 1584 1255 1625 (45).

598 1672 768 1704 CICERO
790 1671 972 1702 ATTICO
993 1670 1100 1703 SAL.

130 1775 170 1798 20
242 1762 304 1800 De
334 1761 470 1801 Caelio
499 1768 541 1800 tu
570 1774 744 1811 quaeres,
776 1768 819 1799 ut
847 1760 1007 1808 scribis;
1044 1773 1118 1810 ego
1147 1759 1244 1798 nihil
1262 1759 1375 1812 novi.
1435 1763 1516 1802 No-

186 1827 332 1864 scenda
351 1834 483 1865 autem
503 1833 561 1864 est
582 1833 729 1873 natura,
748 1839 829 1864 non
849 1827 1012 1864 facultas
1029 1826 1160 1864 modo.
1212 1827 1275 1864 De
1296 1827 1514 1866 Hortensio

186 1898 223 1928 et
242 1890 429 1940 Verginio
456 1898 511 1939 tu,
532 1890 564 1929 si
584 1890 681 1940 quid
700 1890 910 1929 dubitabis.
962 1889 1048 1928 Etsi
1067 1891 1177 1939 quod
1204 1891 1327 1941 magis
1347 1893 1510 1941 placeat,

185 1968 258 2005 ego
285 1963 475 2004 quantum
504 1955 663 2005 aspicio,
686 1968 766 1993 non
796 1955 908 1993 facile
936 1954 1141 1994 inveneris.
1201 1954 1305 1995 Cum
1328 1957 1510 2004 Mustela,

186 2032 304 2068 quem
323 2021 375 2057 ad
396 2021 559 2058 modum
581 2019 727 2066 scribis,
748 2033 841 2057 cum
867 2019 1016 2058 venerit
1041 2019 1215 2069 Crispus.
1274 2021 1339 2059 Ad
1365 2020 1511 2060 Avium

230 2131 247 2160 7
270 2121 362 2160 Quae
378 2121 521 2152 traditur
534 2121 667 2161 epistula
681 2122 793 2160 quinta
810 2132 883 2151 eam
895 2120 1045 2153 Schmidt
1060 2122 1094 2152 in
1108 2125 1266 2161 quattuor
1273 2123 1379 2163 partis
1394 2123 1510 2156 dimisit.

184 2164 261 2194 Iam
280 2164 409 2195 Schiche
425 2176 462 2194 ex
477 2176 513 2194 ea
530 2165 713 2203 trisfi'ccrat
728 2165 881 2205 epistulas
898 2166 944 2203 (5,
961 2175 980 2205 5
994 2176 1014 2196 a
1028 2169 1058 2196 et
1073 2176 1092 2205 5
1104 2166 1133 2205 b,
1153 2177 1172 2206 5
1188 2167 1220 2205 c)
1414 2178 1453 2197 10
1475 2172 1510 2198 et

186 2208 295 2239 Statio
314 2207 432 2239 ORP:
459 2213 493 2238 et
510 2208 642 2239 Stathio
662 2208 707 2239 C:
739 2208 879 2239 testario
896 2213 924 2237 Δ
1081 2219 1119 2247 14
1138 2214 1216 2250 post
1230 2210 1365 2241 venisse
1382 2210 1456 2243 add.
1475 2216 1509 2242 et

184 2251 383 2291 Malaspz'na,
403 2256 459 2281 aut
476 2250 594 2282 Lamb.
718 2261 756 2290 15
781 2251 814 2281 in
833 2256 865 2282 te
885 2250 1021 2290 ‘upv'yvn‘
1042 2252 1238 2284 Lehmann:
1272 2257 1508 2285 INTEPHNHN

184 2294 244 2324 M:
276 2306 427 2334 νετρηνην
445 2294 475 2323 Ζ
498 2299 533 2325 ut
555 2294 618 2325 vid.
639 2306 645 2325 :
678 2295 712 2324 in
737 2300 770 2326 te
795 2294 940 2336 [κρήνην]
966 2295 1096 2325 Baiter:
1131 2297 1300 2336 integrum
1324 2299 1404 2329 coni.
1423 2297 1510 2329 Boot

184 2348 221 2367 21
244 2344 355 2368 autem
383 2342 406 2369 Σ
434 2338 540 2369 Gran:
575 2349 639 2368 om.
661 2343 690 2368 Δ
877 2348 917 2376 24
942 2338 1063 2369 Avium
1085 2339 1207 2371 Bosius
1231 2341 1297 2373 coll.
1321 2341 1390 2373 xiii.
1413 2354 1443 2381 4.
1468 2352 1506 2373 2:

183 2381 306 2412 Aulum
320 2382 360 2412 M
