1827 2798
671 157 783 195 EPP.
816 157 893 193 AD
923 154 1181 193 ATTICVM
1554 152 1622 188 IX.
1641 150 1687 187 iii

268 267 371 306 Nam
401 267 451 306 ad
481 265 520 305 id
552 267 660 317 quod
694 267 870 305 delibero
904 266 1080 317 pertinet,
1110 264 1140 303 si
1170 264 1233 303 ille
1264 270 1366 302 certe
1397 272 1590 310 nusquam

268 332 455 379 discessit,
479 332 703 381 intellegere
725 334 905 370 Gnaeum
927 346 1007 369 non
1028 344 1113 369 esse
1134 330 1255 368 facilis
1277 328 1391 366 nobis
1412 341 1458 366 ex
1480 325 1592 363 Italia

267 396 402 442 exitus,
436 409 526 433 cum
565 410 611 434 ea
646 405 727 434 tota
757 396 874 434 armis
915 395 1195 446 praesidiisque
1235 400 1420 439 teneatur,
1463 391 1592 428 hieme

267 459 502 510 praesertim.
578 461 681 498 Nam
720 460 751 497 si
786 460 1035 498 commodius
1072 459 1165 497 anni
1198 467 1353 507 tempus
1387 462 1499 501 esset,
1531 455 1592 492 vel

230 540 247 570 5
267 525 391 562 infero
412 524 507 561 mari
534 525 666 562 liceret
693 525 759 563 uti.
821 527 938 562 Nunc
968 525 1063 561 nihil
1091 531 1219 573 potest
1249 522 1322 560 nisi
1352 534 1494 570 supero
1523 528 1593 557 tra·

267 588 367 626 mitti
384 602 463 637 quo
480 588 551 626 iter
566 588 820 627 interclusum
839 597 906 627 est.
968 592 1143 636 Quaeres
1164 587 1278 636 igitur
1294 594 1331 624 et
1347 587 1396 623 de
1416 583 1592 622 Domitio

267 660 306 690 et
325 653 376 690 de
397 654 578 691 Lentulo.

322 719 359 755 A
381 717 591 756 Brundisio
622 720 728 756 nulla
757 720 888 756 adhuc
918 720 1021 756 fama
1048 724 1217 763 venerat,
1240 723 1278 754 et
1308 722 1387 754 erat
1417 713 1480 752 hic
1510 713 1593 751 dies
1613 723 1636 749 2

269 793 326 819 νη
355 783 450 820 Idus
485 796 564 832 quo
595 783 659 821 die
690 783 984 832 suspicabamur
1012 790 1079 819 aut
1106 781 1231 831 pridie
1260 782 1314 818 ad
1341 777 1594 817 Brundisium

215 863 252 887 10
269 847 422 885 venisse
458 849 677 886 Caesarem.
753 850 856 886 Nam
894 850 981 885 Kal.
1016 846 1131 897 Arpis
1170 852 1374 884 manserat.
1446 844 1523 882 Sed
1565 842 1595 879 si

271 915 504 951 Postumum
534 914 669 952 audire
693 915 822 960 velles,
846 921 1117 962 persecuturus
1139 919 1219 949 erat
1241 913 1420 949 Gnaeum
1440 923 1449 956 3
1478 915 1596 946 trans-

269 977 344 1016 isse
369 978 473 1016 enirn
501 978 579 1016 iam
609 979 772 1028 putabat
802 977 1027 1016 coniectura
1054 983 1331 1025 tempestatum
1357 988 1401 1012 ac
1431 973 1594 1011 dierum.

271 1044 356 1092 Ego
385 1051 522 1081 nautas
552 1057 642 1081 eum
675 1057 755 1081 non
787 1043 975 1092 putabam
1009 1040 1245 1085 habiturum⁷
1279 1039 1341 1077 ille
1371 1038 1597 1076 confidebat

271 1116 309 1146 et
348 1121 396 1146 eo
432 1108 553 1157 magis
589 1109 698 1157 quod
735 1107 871 1145 audita
904 1105 1148 1144 naviculariis
1183 1104 1354 1142 hominis
1389 1101 1598 1140 liberalitas

215 1186 253 1218 15
272 1180 384 1211 esset.
444 1174 523 1211 Sed
544 1181 625 1211 tota
645 1186 704 1211 res
726 1171 963 1211 Brundisina
983 1184 1063 1221 quo
1083 1171 1205 1209 modo
1226 1169 1369 1208 habeat
1390 1181 1430 1206 se
1451 1166 1598 1205 diutius

271 1238 421 1277 nescire
441 1251 522 1276 non
542 1251 716 1290 possum.

314 1374 380 1410 IV
558 1378 627 1410 Ser.
647 1377 679 1408 in
697 1377 878 1408 Formiano
894 1376 926 1408 iv
941 1376 991 1407 Id.
1011 1376 1112 1407 Mart.
1131 1386 1161 1406 a.
1182 1385 1236 1415 705
1250 1373 1337 1416 (49).

680 1466 852 1497 CICERO
876 1465 1055 1497 ATTICO
1078 1463 1186 1496 SAL.

328 1541 413 1590 Ego
445 1540 516 1579 etsi
546 1548 625 1578 tam
656 1539 723 1578 diu
754 1539 957 1588 requiesco
989 1551 1107 1587 quam
1133 1536 1201 1575 diu
1229 1543 1294 1574 aut
1324 1536 1374 1574 ad
1404 1542 1442 1573 te
1472 1534 1600 1573 scribo
1619 1546 1637 1574 1

216 1621 254 1643 20
273 1613 339 1644 aut
360 1614 445 1644 tuas
468 1606 612 1644 litteras
633 1607 730 1655 lego,
755 1612 888 1642 tamen
909 1612 946 1641 et
974 1603 1056 1652 ipse
1085 1615 1182 1652 egeo
1209 1608 1440 1650 argumento
1460 1599 1601 1649 epistu-

273 1672 397 1709 larum
419 1680 456 1709 et
477 1670 547 1709 tibi
573 1671 677 1709 idem
709 1669 888 1708 accidere
913 1676 1019 1706 certo
1040 1667 1131 1705 scio.
1194 1668 1306 1714 Quae
1336 1665 1441 1703 enim
1472 1666 1600 1702 soluto

273 1735 406 1774 animo
427 1735 664 1774 familiariter
691 1734 805 1773 scribi
834 1735 960 1772 solent
981 1746 1027 1770 ea
1047 1731 1289 1781 temporibus
1311 1730 1370 1767 his
1391 1730 1602 1768 excludun—

273 1808 343 1847 tur,
369 1814 469 1850 quae
489 1808 621 1838 autem
643 1807 732 1837 sunt
754 1800 893 1837 horum
917 1806 1138 1847 temporum
1166 1809 1212 1834 ea
1233 1797 1310 1833 iam
1333 1794 1597 1833 contrivimus.

274 1867 352 1904 Sed
380 1874 511 1903 tamen
544 1879 593 1903 ne
628 1878 691 1902 me
721 1872 848 1902 totum
880 1861 1113 1913 aegritudini
1144 1862 1299 1907 dedam,
1327 1859 1475 1909 sumpsi
1506 1858 1600 1896 milii

218 1945 255 1976 25
275 1931 465 1980 quasdam
494 1938 695 1979 tamquam
725 1930 844 1968 θέο-εις
870 1942 970 1977 quae
1000 1935 1038 1965 et
1067 1927 1254 1964 πολιτικαὶ
1275 1932 1364 1963 sunt
1389 1932 1426 1962 et
1454 1931 1603 1973 tempo-

274 2008 359 2032 rum
381 1996 531 2041 horum,
551 2002 593 2032 ut
609 2002 646 2032 et
667 1994 863 2031 abducam
885 1992 1059 2030 animum
1076 1992 1126 2029 ab
1149 1990 1315 2040 querelis
1332 1997 1369 2027 et
1387 1989 1425 2026 in
1447 2002 1494 2026 eo
1516 1987 1601 2037 ipso

274 2061 324 2097 de
345 2073 424 2108 quo
444 2058 568 2107 agitur
588 2071 776 2096 exercear.
838 2059 917 2094 Eae
939 2064 1028 2093 sunt
1049 2055 1164 2093 huius
1187 2054 1295 2092 modi
1313 2070 1319 2092 :

328 2127 374 2161 Εἰ
397 2124 565 2174 μενετέον
596 2127 633 2161 ἐν
665 2126 712 2173 τῇ
744 2122 890 2171 πατρίδι
920 2121 1209 2170 τυραννουμένης
1239 2121 1361 2167 αὐτῆς.
1418 2119 1465 2155 Ei
1493 2118 1601 2156 παντὶ
1620 2128 1644 2154 2

273 2190 396 2240 τρόπῳ
437 2188 645 2238 τυραννίδος
683 2188 886 2225 κατάλυσιν
929 2186 1228 2237 πραγματευτέον
1269 2183 1335 2222 κᾶν
1379 2185 1504 2233 μέλλῃ
1544 2184 1601 2221 διὰ

318 2306 338 2334 6
361 2303 442 2344 quo]
460 2303 549 2342 quod
567 2301 652 2332 Rav.
724 2306 757 2331 et
773 2311 837 2331 om.
855 2300 940 2330 Rav.
1032 2310 1053 2338 9
1078 2300 1118 2329 ad
1134 2302 1175 2330 Σῑ
1203 2309 1266 2327 om.
1283 2302 1311 2328 Δ
1400 2307 1444 2327 2ο
1461 2306 1545 2335 egeo
1562 2295 1601 2328 I:

275 2358 339 2385 ego
352 2346 392 2375 M
478 2357 517 2376 22
536 2357 574 2375 ea
591 2345 790 2374 Asrensius:
815 2355 833 2373 e
851 2344 905 2372 M2'
920 2355 925 2373 z
952 2353 1018 2372 om.
1038 2342 1092 2371 Ml
1182 2342 1224 2371 28
1242 2340 1489 2381 τυραννουμένης
1505 2339 1602 2378 αὐτῆς

275 2391 319 2420 ita
334 2391 404 2429 fin'e
430 2389 497 2419 RF
519 2389 605 2419 Crat.
627 2401 633 2419 :
668 2386 916 2428 τυραννουμένης
944 2386 968 2415 δ’
992 2386 1090 2423 αὐτῆς
1115 2385 1176 2415 M:
1221 2383 1467 2423 τυραννουμένῃ·
1492 2395 1601 2422 τυραν-

274 2433 423 2473 νουμένης
438 2432 461 2463 δ’
474 2433 570 2471 αὐτῆς
587 2436 655 2463 velt.
749 2441 791 2470 29
809 2428 1071 2470 πραγματευτέον
1084 2428 1112 2459 C
1124 2432 1154 2459 el
1170 2429 1214 2459 ita
1222 2428 1291 2467 fere
1304 2426 1391 2458 RP:
1415 2426 1551 2467 πρατέον
1565 2425 1607 2455 Μ
