<?xml version="1.0" encoding="UTF-8"?>
<!DOCTYPE html PUBLIC "-//W3C//DTD XHTML 1.0 Transitional//EN"
    "http://www.w3.org/TR/xhtml1/DTD/xhtml1-transitional.dtd">
<html xmlns="http://www.w3.org/1999/xhtml" xml:lang="en" lang="en">
 <head>
  <title>
</title>
<meta http-equiv="Content-Type" content="text/html;charset=utf-8" />
  <meta name='ocr-system' content='tesseract 3.04.00' />
  <meta name='ocr-capabilities' content='ocr_page ocr_carea ocr_par ocr_line ocrx_word'/>
</head>
<body>
  <div class='ocr_page' id='page_1' title='image "./epistulaerecogno0202ciceuoft_0237.png"; bbox 0 0 1827 2798; ppageno 0'>
   <div class='ocr_carea' id='block_1_1' title="bbox 586 135 1601 176">
    <p class='ocr_par' dir='ltr' id='par_1_1' title="bbox 586 135 1601 176">
     <span class='ocr_line' id='line_1_1' title="bbox 586 135 1601 176; baseline -0.005 -1"><span class='ocrx_word' id='word_1_1' title='bbox 586 138 698 175; x_wconf 88' lang='lat' dir='ltr'>EPP.</span> <span class='ocrx_word' id='word_1_2' title='bbox 729 138 806 174; x_wconf 90' lang='lat' dir='ltr'>AD</span> <span class='ocrx_word' id='word_1_3' title='bbox 836 137 1095 176; x_wconf 69' lang='lat' dir='ltr'><strong>ATTICVM</strong></span> <span class='ocrx_word' id='word_1_4' title='bbox 1406 135 1516 172; x_wconf 91' lang='lat' dir='ltr'>XIV.</span> <span class='ocrx_word' id='word_1_5' title='bbox 1539 145 1601 170; x_wconf 85' lang='lat' dir='ltr'>xx</span> 
     </span>
    </p>
   </div>
   <div class='ocr_carea' id='block_1_2' title="bbox 123 247 1552 1075">
    <p class='ocr_par' dir='ltr' id='par_1_2' title="bbox 123 247 1552 1075">
     <span class='ocr_line' id='line_1_2' title="bbox 180 247 1504 299; baseline -0.003 -13"><span class='ocrx_word' id='word_1_6' title='bbox 180 248 370 298; x_wconf 81' lang='lat' dir='ltr'>quidnam</span> <span class='ocrx_word' id='word_1_7' title='bbox 410 248 490 287; x_wconf 86' lang='lat' dir='ltr'>istis</span> <span class='ocrx_word' id='word_1_8' title='bbox 528 250 725 299; x_wconf 81' lang='lat' dir='ltr'>agendum</span> <span class='ocrx_word' id='word_1_9' title='bbox 770 256 919 299; x_wconf 84' lang='lat' dir='ltr'>putem,</span> <span class='ocrx_word' id='word_1_10' title='bbox 953 247 1117 286; x_wconf 90' lang='lat' dir='ltr'>consilia</span> <span class='ocrx_word' id='word_1_11' title='bbox 1154 254 1374 296; x_wconf 89' lang='lat' dir='ltr'>temporum</span> <span class='ocrx_word' id='word_1_12' title='bbox 1414 251 1504 283; x_wconf 89' lang='lat' dir='ltr'>sunt</span> 
     </span>
     <span class='ocr_line' id='line_1_3' title="bbox 179 310 1506 362; baseline -0.003 -11"><span class='ocrx_word' id='word_1_13' title='bbox 179 326 280 362; x_wconf 88' lang='lat' dir='ltr'>quae</span> <span class='ocrx_word' id='word_1_14' title='bbox 311 313 350 350; x_wconf 89' lang='lat' dir='ltr'>in</span> <span class='ocrx_word' id='word_1_15' title='bbox 380 314 494 351; x_wconf 82' lang='lat' dir='ltr'>horas</span> <span class='ocrx_word' id='word_1_16' title='bbox 523 313 754 351; x_wconf 83' lang='lat' dir='ltr'>commutari</span> <span class='ocrx_word' id='word_1_17' title='bbox 784 313 903 351; x_wconf 78' lang='lat' dir='ltr'>vides.</span> <span class='ocrx_word' id='word_1_18' title='bbox 964 313 1194 350; x_wconf 82' lang='lat' dir='ltr'>Dolabellae</span> <span class='ocrx_word' id='word_1_19' title='bbox 1224 320 1260 349; x_wconf 89' lang='lat' dir='ltr'>et</span> <span class='ocrx_word' id='word_1_20' title='bbox 1291 311 1414 361; x_wconf 89' lang='lat' dir='ltr'>prima</span> <span class='ocrx_word' id='word_1_21' title='bbox 1442 310 1506 347; x_wconf 88' lang='lat' dir='ltr'>illa</span> 
     </span>
     <span class='ocr_line' id='line_1_4' title="bbox 179 375 1507 426; baseline -0.002 -12"><span class='ocrx_word' id='word_1_22' title='bbox 179 377 281 414; x_wconf 87' lang='lat' dir='ltr'>actio</span> <span class='ocrx_word' id='word_1_23' title='bbox 310 385 348 415; x_wconf 87' lang='lat' dir='ltr'>et</span> <span class='ocrx_word' id='word_1_24' title='bbox 378 379 474 415; x_wconf 84' lang='lat' dir='ltr'>haec</span> <span class='ocrx_word' id='word_1_25' title='bbox 503 386 639 416; x_wconf 89' lang='lat' dir='ltr'>contra</span> <span class='ocrx_word' id='word_1_26' title='bbox 660 377 877 415; x_wconf 74' lang='lat' dir='ltr'>Antonium</span> <span class='ocrx_word' id='word_1_27' title='bbox 907 376 1041 415; x_wconf 91' lang='lat' dir='ltr'>contio</span> <span class='ocrx_word' id='word_1_28' title='bbox 1068 376 1163 414; x_wconf 84' lang='lat' dir='ltr'>mihi</span> <span class='ocrx_word' id='word_1_29' title='bbox 1190 375 1399 426; x_wconf 76' lang='lat' dir='ltr'><strong>profecisse</strong></span> <span class='ocrx_word' id='word_1_30' title='bbox 1426 388 1507 425; x_wconf 86' lang='lat' dir='ltr'>per-</span> 
     </span>
     <span class='ocr_line' id='line_1_5' title="bbox 181 440 1507 487; baseline -0.001 -10"><span class='ocrx_word' id='word_1_31' title='bbox 181 441 347 478; x_wconf 88' lang='lat' dir='ltr'>multum</span> <span class='ocrx_word' id='word_1_32' title='bbox 379 441 540 479; x_wconf 78' lang='lat' dir='ltr'>videtur.</span> <span class='ocrx_word' id='word_1_33' title='bbox 601 443 761 479; x_wconf 75' lang='lat' dir='ltr'>Prorsus</span> <span class='ocrx_word' id='word_1_34' title='bbox 791 441 872 479; x_wconf 78' lang='lat' dir='ltr'>ibat</span> <span class='ocrx_word' id='word_1_35' title='bbox 903 456 986 487; x_wconf 88' lang='lat' dir='ltr'>res;</span> <span class='ocrx_word' id='word_1_36' title='bbox 1029 454 1135 479; x_wconf 87' lang='lat' dir='ltr'>nunc</span> <span class='ocrx_word' id='word_1_37' title='bbox 1168 449 1300 478; x_wconf 87' lang='lat' dir='ltr'>autem</span> <span class='ocrx_word' id='word_1_38' title='bbox 1330 440 1507 477; x_wconf 80' lang='lat' dir='ltr'>videniur</span> 
     </span>
     <span class='ocr_line' id='line_1_6' title="bbox 143 505 1504 556; baseline -0.001 -13"><span class='ocrx_word' id='word_1_39' title='bbox 143 523 159 553; x_wconf 82' lang='lat'>5</span> <span class='ocrx_word' id='word_1_40' title='bbox 180 505 349 544; x_wconf 86' lang='lat' dir='ltr'>habituri</span> <span class='ocrx_word' id='word_1_41' title='bbox 369 507 511 544; x_wconf 88' lang='lat' dir='ltr'>ducem</span> <span class='ocrx_word' id='word_1_42' title='bbox 530 521 539 554; x_wconf 80' lang='lat'>3</span> <span class='ocrx_word' id='word_1_43' title='bbox 569 508 676 556; x_wconf 82' lang='lat' dir='ltr'>quod</span> <span class='ocrx_word' id='word_1_44' title='bbox 698 521 819 544; x_wconf 93' lang='lat' dir='ltr'>unum</span> <span class='ocrx_word' id='word_1_45' title='bbox 842 506 1055 556; x_wconf 86' lang='lat' dir='ltr'>municipia</span> <span class='ocrx_word' id='word_1_46' title='bbox 1076 506 1250 555; x_wconf 85' lang='lat' dir='ltr'>bonique</span> <span class='ocrx_word' id='word_1_47' title='bbox 1270 505 1504 543; x_wconf 86' lang='lat' dir='ltr'>desiderant.</span> 
     </span>
     <span class='ocr_line' id='line_1_7' title="bbox 182 570 1552 620; baseline -0.001 -13"><span class='ocrx_word' id='word_1_48' title='bbox 182 570 340 620; x_wconf 89' lang='lat' dir='ltr'>Epicuri</span> <span class='ocrx_word' id='word_1_49' title='bbox 374 571 615 608; x_wconf 70' lang='lat' dir='ltr'>mentionem</span> <span class='ocrx_word' id='word_1_50' title='bbox 645 571 738 609; x_wconf 82' lang='lat' dir='ltr'>facis</span> <span class='ocrx_word' id='word_1_51' title='bbox 768 580 806 609; x_wconf 89' lang='lat' dir='ltr'>et</span> <span class='ocrx_word' id='word_1_52' title='bbox 839 573 960 610; x_wconf 84' lang='lat' dir='ltr'>audes</span> <span class='ocrx_word' id='word_1_53' title='bbox 994 571 1124 609; x_wconf 85' lang='lat' dir='ltr'>dicere</span> <span class='ocrx_word' id='word_1_54' title='bbox 1153 572 1205 620; x_wconf 82' lang='grc' dir='ltr'>μὴ</span> <span class='ocrx_word' id='word_1_55' title='bbox 1233 570 1505 608; x_wconf 79' lang='grc' dir='ltr'>πολιτεύεσθαι.</span> <span class='ocrx_word' id='word_1_56' title='bbox 1526 578 1552 618; x_wconf 88' lang='grc'>5</span> 
     </span>
     <span class='ocr_line' id='line_1_8' title="bbox 180 635 1509 674; baseline -0.002 -1"><span class='ocrx_word' id='word_1_57' title='bbox 180 636 272 673; x_wconf 90' lang='lat' dir='ltr'>Non</span> <span class='ocrx_word' id='word_1_58' title='bbox 304 643 342 674; x_wconf 91' lang='lat' dir='ltr'>te</span> <span class='ocrx_word' id='word_1_59' title='bbox 373 635 483 674; x_wconf 86' lang='lat' dir='ltr'>Bruti</span> <span class='ocrx_word' id='word_1_60' title='bbox 514 637 635 673; x_wconf 85' lang='lat' dir='ltr'>nostri</span> <span class='ocrx_word' id='word_1_61' title='bbox 666 636 874 674; x_wconf 80' lang='lat' dir='ltr'>vulticulus</span> <span class='ocrx_word' id='word_1_62' title='bbox 908 637 958 674; x_wconf 90' lang='lat' dir='ltr'>ab</span> <span class='ocrx_word' id='word_1_63' title='bbox 992 635 1065 674; x_wconf 84' lang='lat' dir='ltr'>ista</span> <span class='ocrx_word' id='word_1_64' title='bbox 1103 635 1278 673; x_wconf 85' lang='lat' dir='ltr'>oratione</span> <span class='ocrx_word' id='word_1_65' title='bbox 1310 635 1509 673; x_wconf 89' lang='lat' dir='ltr'>deterret?</span> 
     </span>
     <span class='ocr_line' id='line_1_9' title="bbox 180 700 1508 748; baseline -0.001 -11"><span class='ocrx_word' id='word_1_66' title='bbox 180 700 352 748; x_wconf 79' lang='lat' dir='ltr'>Quintus</span> <span class='ocrx_word' id='word_1_67' title='bbox 384 700 494 747; x_wconf 87' lang='lat' dir='ltr'>filius,</span> <span class='ocrx_word' id='word_1_68' title='bbox 532 709 574 738; x_wconf 90' lang='lat' dir='ltr'>ut</span> <span class='ocrx_word' id='word_1_69' title='bbox 605 701 752 747; x_wconf 89' lang='lat' dir='ltr'>scribis,</span> <span class='ocrx_word' id='word_1_70' title='bbox 789 701 937 739; x_wconf 80' lang='lat' dir='ltr'>Antoni</span> <span class='ocrx_word' id='word_1_71' title='bbox 972 709 1031 739; x_wconf 90' lang='lat' dir='ltr'>est</span> <span class='ocrx_word' id='word_1_72' title='bbox 1063 702 1241 738; x_wconf 84' lang='lat' dir='ltr'>dextella.</span> <span class='ocrx_word' id='word_1_73' title='bbox 1311 700 1383 737; x_wconf 90' lang='lat' dir='ltr'>Per</span> <span class='ocrx_word' id='word_1_74' title='bbox 1417 712 1508 737; x_wconf 89' lang='lat' dir='ltr'>eum</span> 
     </span>
     <span class='ocr_line' id='line_1_10' title="bbox 179 763 1508 815; baseline -0.001 -13"><span class='ocrx_word' id='word_1_75' title='bbox 179 764 293 814; x_wconf 82' lang='lat' dir='ltr'>igitur</span> <span class='ocrx_word' id='word_1_76' title='bbox 331 767 439 815; x_wconf 81' lang='lat' dir='ltr'>quod</span> <span class='ocrx_word' id='word_1_77' title='bbox 472 767 649 803; x_wconf 83' lang='lat' dir='ltr'>volemus</span> <span class='ocrx_word' id='word_1_78' title='bbox 687 766 800 804; x_wconf 84' lang='lat' dir='ltr'>facile</span> <span class='ocrx_word' id='word_1_79' title='bbox 837 767 1068 803; x_wconf 76' lang='lat' dir='ltr'><strong>auferemus.</strong></span> <span class='ocrx_word' id='word_1_80' title='bbox 1140 767 1350 815; x_wconf 85' lang='lat' dir='ltr'>Exspecto,</span> <span class='ocrx_word' id='word_1_81' title='bbox 1383 763 1424 810; x_wconf 86' lang='lat' dir='ltr'>si,</span> <span class='ocrx_word' id='word_1_82' title='bbox 1466 770 1508 801; x_wconf 92' lang='lat' dir='ltr'>ut</span> 
     </span>
     <span class='ocr_line' id='line_1_11' title="bbox 123 828 1487 881; baseline -0.002 -12"><span class='ocrx_word' id='word_1_83' title='bbox 123 847 161 869; x_wconf 90' lang='lat'>10</span> <span class='ocrx_word' id='word_1_84' title='bbox 180 838 304 880; x_wconf 86' lang='lat' dir='ltr'>putas,</span> <span class='ocrx_word' id='word_1_85' title='bbox 329 832 370 868; x_wconf 89' lang='lat' dir='ltr'>L.</span> <span class='ocrx_word' id='word_1_86' title='bbox 394 831 590 868; x_wconf 84' lang='lat' dir='ltr'>Antonius</span> <span class='ocrx_word' id='word_1_87' title='bbox 611 831 792 881; x_wconf 80' lang='lat' dir='ltr'>produxit</span> <span class='ocrx_word' id='word_1_88' title='bbox 814 830 1034 877; x_wconf 80' lang='lat' dir='ltr'>Octavium,</span> <span class='ocrx_word' id='word_1_89' title='bbox 1057 830 1182 880; x_wconf 88' lang='lat' dir='ltr'>qualis</span> <span class='ocrx_word' id='word_1_90' title='bbox 1203 829 1336 868; x_wconf 89' lang='lat' dir='ltr'>contio</span> <span class='ocrx_word' id='word_1_91' title='bbox 1363 828 1487 867; x_wconf 88' lang='lat' dir='ltr'>fuerit.</span> 
     </span>
     <span class='ocr_line' id='line_1_12' title="bbox 236 895 1508 946; baseline -0.001 -14"><span class='ocrx_word' id='word_1_92' title='bbox 236 897 350 933; x_wconf 81' lang='lat' dir='ltr'>Haec</span> <span class='ocrx_word' id='word_1_93' title='bbox 380 896 539 946; x_wconf 76' lang='lat' dir='ltr'>scripsi3</span> <span class='ocrx_word' id='word_1_94' title='bbox 568 896 697 933; x_wconf 83' lang='lat' dir='ltr'>statim</span> <span class='ocrx_word' id='word_1_95' title='bbox 718 910 823 933; x_wconf 80' lang='lat' dir='ltr'>enlm</span> <span class='ocrx_word' id='word_1_96' title='bbox 845 895 957 935; x_wconf 90' lang='lat' dir='ltr'>Cassi</span> <span class='ocrx_word' id='word_1_97' title='bbox 978 895 1211 933; x_wconf 82' lang='lat' dir='ltr'>tabellarius.</span> <span class='ocrx_word' id='word_1_98' title='bbox 1269 897 1386 932; x_wconf 90' lang='lat' dir='ltr'>Eram</span> <span class='ocrx_word' id='word_1_99' title='bbox 1417 907 1508 931; x_wconf 91' lang='lat' dir='ltr'>con-</span> 
     </span>
     <span class='ocr_line' id='line_1_13' title="bbox 179 958 1504 1009; baseline -0.002 -12"><span class='ocrx_word' id='word_1_100' title='bbox 179 960 289 998; x_wconf 91' lang='lat' dir='ltr'>tinuo</span> <span class='ocrx_word' id='word_1_101' title='bbox 311 961 449 997; x_wconf 76' lang='lat' dir='ltr'>Piliam</span> <span class='ocrx_word' id='word_1_102' title='bbox 470 963 714 1007; x_wconf 84' lang='lat' dir='ltr'>salutaturus,</span> <span class='ocrx_word' id='word_1_103' title='bbox 736 960 881 998; x_wconf 91' lang='lat' dir='ltr'>deinde</span> <span class='ocrx_word' id='word_1_104' title='bbox 907 961 958 998; x_wconf 92' lang='lat' dir='ltr'>ad</span> <span class='ocrx_word' id='word_1_105' title='bbox 985 961 1119 1009; x_wconf 85' lang='lat' dir='ltr'><strong>epulas</strong></span> <span class='ocrx_word' id='word_1_106' title='bbox 1139 958 1296 997; x_wconf 89' lang='lat' dir='ltr'>Vestori</span> <span class='ocrx_word' id='word_1_107' title='bbox 1315 958 1504 996; x_wconf 85' lang='lat' dir='ltr'>navicula.</span> 
     </span>
     <span class='ocr_line' id='line_1_14' title="bbox 178 1025 755 1075; baseline 0 -12"><span class='ocrx_word' id='word_1_108' title='bbox 178 1025 333 1063; x_wconf 76' lang='lat' dir='ltr'>Atticae</span> <span class='ocrx_word' id='word_1_109' title='bbox 352 1025 558 1075; x_wconf 82' lang='lat' dir='ltr'>plurimam</span> <span class='ocrx_word' id='word_1_110' title='bbox 579 1027 755 1064; x_wconf 88' lang='lat' dir='ltr'>salutem.</span> 
     </span>
    </p>
   </div>
   <div class='ocr_carea' id='block_1_3' title="bbox 123 1132 1218 1256">
    <p class='ocr_par' dir='ltr' id='par_1_3' title="bbox 123 1132 1218 1256">
     <span class='ocr_line' id='line_1_15' title="bbox 221 1132 1218 1174; baseline -0.001 -9"><span class='ocrx_word' id='word_1_111' title='bbox 221 1132 332 1165; x_wconf 89' lang='lat' dir='ltr'>XXI</span> <span class='ocrx_word' id='word_1_112' title='bbox 456 1134 524 1165; x_wconf 77' lang='lat' dir='ltr'>Ser.</span> <span class='ocrx_word' id='word_1_113' title='bbox 547 1136 579 1164; x_wconf 85' lang='lat' dir='ltr'>in</span> <span class='ocrx_word' id='word_1_114' title='bbox 597 1134 776 1164; x_wconf 79' lang='lat' dir='ltr'>Puteolano</span> <span class='ocrx_word' id='word_1_115' title='bbox 797 1145 817 1164; x_wconf 81' lang='lat' dir='ltr'><em>v</em></span> <span class='ocrx_word' id='word_1_116' title='bbox 833 1133 883 1165; x_wconf 87' lang='lat' dir='ltr'>Id.</span> <span class='ocrx_word' id='word_1_117' title='bbox 903 1133 985 1164; x_wconf 76' lang='lat' dir='ltr'>Mai.</span> <span class='ocrx_word' id='word_1_118' title='bbox 1003 1144 1032 1165; x_wconf 87' lang='grc' dir='ltr'>α.</span> <span class='ocrx_word' id='word_1_119' title='bbox 1056 1143 1114 1173; x_wconf 87' lang='lat'>710</span> <span class='ocrx_word' id='word_1_120' title='bbox 1131 1133 1218 1174; x_wconf 73' lang='lat'>(44).</span> 
     </span>
     <span class='ocr_line' id='line_1_16' title="bbox 123 1209 1099 1256; baseline -0.001 -14"><span class='ocrx_word' id='word_1_121' title='bbox 123 1226 157 1256; x_wconf 72' lang='lat'>15</span> <span class='ocrx_word' id='word_1_122' title='bbox 581 1211 751 1241; x_wconf 77' lang='lat' dir='ltr'><em>CICERO</em></span> <span class='ocrx_word' id='word_1_123' title='bbox 781 1209 962 1241; x_wconf 81' lang='lat' dir='ltr'><em>ATTICO</em></span> <span class='ocrx_word' id='word_1_124' title='bbox 993 1209 1099 1241; x_wconf 79' lang='lat' dir='ltr'>SAL.</span> 
     </span>
    </p>
   </div>
   <div class='ocr_carea' id='block_1_4' title="bbox 120 1281 1545 2172">
    <p class='ocr_par' dir='ltr' id='par_1_4' title="bbox 120 1281 1542 1656">
     <span class='ocr_line' id='line_1_17' title="bbox 232 1281 1542 1333; baseline 0 -12"><span class='ocrx_word' id='word_1_125' title='bbox 232 1284 335 1322; x_wconf 92' lang='lat' dir='ltr'>Cum</span> <span class='ocrx_word' id='word_1_126' title='bbox 364 1284 482 1333; x_wconf 88' lang='lat' dir='ltr'>paulo</span> <span class='ocrx_word' id='word_1_127' title='bbox 511 1290 601 1321; x_wconf 86' lang='lat' dir='ltr'>ante</span> <span class='ocrx_word' id='word_1_128' title='bbox 628 1282 825 1320; x_wconf 86' lang='lat' dir='ltr'>dedissem</span> <span class='ocrx_word' id='word_1_129' title='bbox 852 1283 903 1320; x_wconf 82' lang='lat' dir='ltr'>ad</span> <span class='ocrx_word' id='word_1_130' title='bbox 930 1289 968 1320; x_wconf 91' lang='lat' dir='ltr'>te</span> <span class='ocrx_word' id='word_1_131' title='bbox 989 1281 1101 1320; x_wconf 79' lang='lat' dir='ltr'>Cassi</span> <span class='ocrx_word' id='word_1_132' title='bbox 1125 1281 1326 1320; x_wconf 85' lang='lat' dir='ltr'>tabellario</span> <span class='ocrx_word' id='word_1_133' title='bbox 1346 1281 1502 1329; x_wconf 80' lang='lat' dir='ltr'>litteras,</span> <span class='ocrx_word' id='word_1_134' title='bbox 1525 1294 1542 1321; x_wconf 92' lang='lat'>1</span> 
     </span>
     <span class='ocr_line' id='line_1_18' title="bbox 178 1346 1502 1396; baseline -0.001 -12"><span class='ocrx_word' id='word_1_135' title='bbox 178 1359 202 1384; x_wconf 79' lang='lat' dir='ltr'>v</span> <span class='ocrx_word' id='word_1_136' title='bbox 230 1349 326 1386; x_wconf 89' lang='lat' dir='ltr'>Idus</span> <span class='ocrx_word' id='word_1_137' title='bbox 349 1347 455 1385; x_wconf 76' lang='lat' dir='ltr'>venit</span> <span class='ocrx_word' id='word_1_138' title='bbox 484 1355 616 1385; x_wconf 87' lang='lat' dir='ltr'>noster</span> <span class='ocrx_word' id='word_1_139' title='bbox 644 1346 865 1385; x_wconf 86' lang='lat' dir='ltr'>tabellarius</span> <span class='ocrx_word' id='word_1_140' title='bbox 895 1355 933 1385; x_wconf 90' lang='lat' dir='ltr'>et</span> <span class='ocrx_word' id='word_1_141' title='bbox 963 1346 1134 1396; x_wconf 90' lang='lat' dir='ltr'>quidem,</span> <span class='ocrx_word' id='word_1_142' title='bbox 1166 1346 1336 1396; x_wconf 86' lang='lat' dir='ltr'>portenti</span> <span class='ocrx_word' id='word_1_143' title='bbox 1366 1346 1502 1393; x_wconf 85' lang='lat' dir='ltr'>simile,</span> 
     </span>
     <span class='ocr_line' id='line_1_19' title="bbox 177 1411 1503 1451; baseline -0.001 -2"><span class='ocrx_word' id='word_1_144' title='bbox 177 1412 261 1450; x_wconf 92' lang='lat' dir='ltr'>sine</span> <span class='ocrx_word' id='word_1_145' title='bbox 290 1412 365 1450; x_wconf 91' lang='lat' dir='ltr'>tuis</span> <span class='ocrx_word' id='word_1_146' title='bbox 389 1412 534 1450; x_wconf 81' lang='lat' dir='ltr'>litteris.</span> <span class='ocrx_word' id='word_1_147' title='bbox 594 1413 671 1451; x_wconf 87' lang='lat' dir='ltr'>Sed</span> <span class='ocrx_word' id='word_1_148' title='bbox 696 1412 774 1450; x_wconf 88' lang='lat' dir='ltr'>cito</span> <span class='ocrx_word' id='word_1_149' title='bbox 803 1411 954 1449; x_wconf 91' lang='lat' dir='ltr'>conieci</span> <span class='ocrx_word' id='word_1_150' title='bbox 976 1411 1126 1449; x_wconf 91' lang='lat' dir='ltr'>Lanuvi</span> <span class='ocrx_word' id='word_1_151' title='bbox 1153 1418 1190 1449; x_wconf 91' lang='lat' dir='ltr'>te</span> <span class='ocrx_word' id='word_1_152' title='bbox 1217 1411 1345 1449; x_wconf 90' lang='lat' dir='ltr'>fuisse.</span> <span class='ocrx_word' id='word_1_153' title='bbox 1406 1413 1503 1449; x_wconf 86' lang='lat' dir='ltr'>Eros</span> 
     </span>
     <span class='ocr_line' id='line_1_20' title="bbox 177 1476 1505 1526; baseline -0.002 -11"><span class='ocrx_word' id='word_1_154' title='bbox 177 1486 308 1515; x_wconf 80' lang='lat' dir='ltr'>autem</span> <span class='ocrx_word' id='word_1_155' title='bbox 339 1477 544 1524; x_wconf 82' lang='lat' dir='ltr'>festinavit,</span> <span class='ocrx_word' id='word_1_156' title='bbox 567 1484 609 1514; x_wconf 94' lang='lat' dir='ltr'>ut</span> <span class='ocrx_word' id='word_1_157' title='bbox 637 1478 688 1515; x_wconf 89' lang='lat' dir='ltr'>ad</span> <span class='ocrx_word' id='word_1_158' title='bbox 718 1490 781 1515; x_wconf 89' lang='lat' dir='ltr'>me</span> <span class='ocrx_word' id='word_1_159' title='bbox 809 1477 958 1515; x_wconf 78' lang='lat' dir='ltr'>litterae</span> <span class='ocrx_word' id='word_1_160' title='bbox 987 1476 1218 1514; x_wconf 80' lang='lat' dir='ltr'>Dolabellae</span> <span class='ocrx_word' id='word_1_161' title='bbox 1246 1477 1505 1526; x_wconf 89' lang='lat' dir='ltr'>perferrentur</span> 
     </span>
     <span class='ocr_line' id='line_1_21' title="bbox 120 1540 1504 1592; baseline -0.001 -14"><span class='ocrx_word' id='word_1_162' title='bbox 120 1557 160 1578; x_wconf 89' lang='lat'>20</span> <span class='ocrx_word' id='word_1_163' title='bbox 179 1556 259 1579; x_wconf 92' lang='lat' dir='ltr'>non</span> <span class='ocrx_word' id='word_1_164' title='bbox 286 1543 336 1580; x_wconf 91' lang='lat' dir='ltr'>de</span> <span class='ocrx_word' id='word_1_165' title='bbox 360 1556 400 1580; x_wconf 89' lang='lat' dir='ltr'>re</span> <span class='ocrx_word' id='word_1_166' title='bbox 425 1556 511 1580; x_wconf 88' lang='lat' dir='ltr'>mea</span> <span class='ocrx_word' id='word_1_167' title='bbox 535 1541 731 1592; x_wconf 89' lang='lat' dir='ltr'>(nondum</span> <span class='ocrx_word' id='word_1_168' title='bbox 757 1541 860 1579; x_wconf 90' lang='lat' dir='ltr'>enim</span> <span class='ocrx_word' id='word_1_169' title='bbox 890 1555 995 1579; x_wconf 85' lang='lat' dir='ltr'>meas</span> <span class='ocrx_word' id='word_1_170' title='bbox 1025 1541 1247 1591; x_wconf 80' lang='lat' dir='ltr'>acceperat)</span> <span class='ocrx_word' id='word_1_171' title='bbox 1276 1542 1345 1578; x_wconf 90' lang='lat' dir='ltr'>sed</span> <span class='ocrx_word' id='word_1_172' title='bbox 1374 1540 1504 1577; x_wconf 91' lang='lat' dir='ltr'>rescri-</span> 
     </span>
     <span class='ocr_line' id='line_1_22' title="bbox 178 1605 1499 1656; baseline -0.002 -12"><span class='ocrx_word' id='word_1_173' title='bbox 178 1607 253 1656; x_wconf 84' lang='lat' dir='ltr'>psit</span> <span class='ocrx_word' id='word_1_174' title='bbox 279 1608 329 1644; x_wconf 88' lang='lat' dir='ltr'>ad</span> <span class='ocrx_word' id='word_1_175' title='bbox 357 1621 421 1644; x_wconf 83' lang='lat' dir='ltr'>eas</span> <span class='ocrx_word' id='word_1_176' title='bbox 442 1620 605 1656; x_wconf 83' lang='lat' dir='ltr'>quarum</span> <span class='ocrx_word' id='word_1_177' title='bbox 627 1608 848 1656; x_wconf 78' lang='lat' dir='ltr'>exemplum</span> <span class='ocrx_word' id='word_1_178' title='bbox 874 1605 944 1643; x_wconf 89' lang='lat' dir='ltr'>tibi</span> <span class='ocrx_word' id='word_1_179' title='bbox 968 1605 1148 1643; x_wconf 80' lang='lat' dir='ltr'>miseram</span> <span class='ocrx_word' id='word_1_180' title='bbox 1170 1618 1263 1643; x_wconf 86' lang='lat' dir='ltr'>sane</span> <span class='ocrx_word' id='word_1_181' title='bbox 1292 1606 1499 1642; x_wconf 84' lang='lat' dir='ltr'>luculente.</span> 
     </span>
    </p>

    <p class='ocr_par' dir='ltr' id='par_1_5' title="bbox 121 1669 1545 2172">
     <span class='ocr_line' id='line_1_23' title="bbox 178 1669 1545 1718; baseline -0.002 -10"><span class='ocrx_word' id='word_1_182' title='bbox 178 1672 242 1709; x_wconf 81' lang='lat' dir='ltr'>Ad</span> <span class='ocrx_word' id='word_1_183' title='bbox 274 1685 336 1709; x_wconf 90' lang='lat' dir='ltr'>me</span> <span class='ocrx_word' id='word_1_184' title='bbox 366 1679 508 1718; x_wconf 88' lang='lat' dir='ltr'>autem,</span> <span class='ocrx_word' id='word_1_185' title='bbox 542 1684 633 1708; x_wconf 91' lang='lat' dir='ltr'>cum</span> <span class='ocrx_word' id='word_1_186' title='bbox 667 1670 779 1710; x_wconf 89' lang='lat' dir='ltr'>Cassi</span> <span class='ocrx_word' id='word_1_187' title='bbox 816 1669 1060 1708; x_wconf 89' lang='lat' dir='ltr'>tabellarium</span> <span class='ocrx_word' id='word_1_188' title='bbox 1091 1669 1338 1715; x_wconf 81' lang='lat' dir='ltr'>dimisissem,</span> <span class='ocrx_word' id='word_1_189' title='bbox 1373 1669 1545 1706; x_wconf 83' lang='lat' dir='ltr'>statim2</span> 
     </span>
     <span class='ocr_line' id='line_1_24' title="bbox 178 1734 1502 1786; baseline -0.002 -13"><span class='ocrx_word' id='word_1_190' title='bbox 178 1736 336 1774; x_wconf 88' lang='lat' dir='ltr'>Balbus.</span> <span class='ocrx_word' id='word_1_191' title='bbox 396 1737 431 1775; x_wconf 92' lang='lat' dir='ltr'>O</span> <span class='ocrx_word' id='word_1_192' title='bbox 453 1735 516 1774; x_wconf 91' lang='lat' dir='ltr'>dei</span> <span class='ocrx_word' id='word_1_193' title='bbox 537 1736 642 1783; x_wconf 88' lang='lat' dir='ltr'>boni,</span> <span class='ocrx_word' id='word_1_194' title='bbox 666 1750 784 1785; x_wconf 86' lang='lat' dir='ltr'>quam</span> <span class='ocrx_word' id='word_1_195' title='bbox 806 1736 918 1774; x_wconf 84' lang='lat' dir='ltr'>facile</span> <span class='ocrx_word' id='word_1_196' title='bbox 939 1735 1176 1786; x_wconf 82' lang='lat' dir='ltr'>perspiceres</span> <span class='ocrx_word' id='word_1_197' title='bbox 1198 1735 1334 1772; x_wconf 91' lang='lat' dir='ltr'>timere</span> <span class='ocrx_word' id='word_1_198' title='bbox 1355 1734 1478 1772; x_wconf 91' lang='lat' dir='ltr'>otium</span> <span class='ocrx_word' id='word_1_199' title='bbox 1496 1736 1502 1771; x_wconf 71' lang='grc' dir='ltr'><strong>ἔ</strong></span> 
     </span>
     <span class='ocr_line' id='line_1_25' title="bbox 179 1799 1504 1850; baseline -0.002 -11"><span class='ocrx_word' id='word_1_200' title='bbox 179 1803 229 1839; x_wconf 88' lang='lat' dir='ltr'>Et</span> <span class='ocrx_word' id='word_1_201' title='bbox 259 1801 362 1840; x_wconf 93' lang='lat' dir='ltr'>nosti</span> <span class='ocrx_word' id='word_1_202' title='bbox 390 1801 514 1838; x_wconf 86' lang='lat' dir='ltr'>virum</span> <span class='ocrx_word' id='word_1_203' title='bbox 546 1814 664 1850; x_wconf 86' lang='lat' dir='ltr'>quam</span> <span class='ocrx_word' id='word_1_204' title='bbox 694 1809 830 1839; x_wconf 90' lang='lat' dir='ltr'>tectus.</span> <span class='ocrx_word' id='word_1_205' title='bbox 890 1803 967 1840; x_wconf 87' lang='lat' dir='ltr'>Sed</span> <span class='ocrx_word' id='word_1_206' title='bbox 997 1809 1129 1839; x_wconf 89' lang='lat' dir='ltr'>tamen</span> <span class='ocrx_word' id='word_1_207' title='bbox 1158 1800 1308 1838; x_wconf 86' lang='lat' dir='ltr'>Antoni</span> <span class='ocrx_word' id='word_1_208' title='bbox 1341 1799 1504 1837; x_wconf 90' lang='lat' dir='ltr'>consilia</span> 
     </span>
     <span class='ocr_line' id='line_1_26' title="bbox 121 1864 1504 1912; baseline -0.001 -9"><span class='ocrx_word' id='word_1_209' title='bbox 121 1881 157 1912; x_wconf 86' lang='lat'>25</span> <span class='ocrx_word' id='word_1_210' title='bbox 178 1867 356 1904; x_wconf 84' lang='lat' dir='ltr'>narrabat</span> <span class='ocrx_word' id='word_1_211' title='bbox 372 1880 380 1912; x_wconf 80' lang='lat'><em>3</em></span> <span class='ocrx_word' id='word_1_212' title='bbox 422 1865 531 1903; x_wconf 90' lang='lat' dir='ltr'>illum</span> <span class='ocrx_word' id='word_1_213' title='bbox 561 1865 763 1904; x_wconf 90' lang='lat' dir='ltr'>circumire</span> <span class='ocrx_word' id='word_1_214' title='bbox 793 1874 995 1904; x_wconf 87' lang='lat' dir='ltr'>veteranos</span> <span class='ocrx_word' id='word_1_215' title='bbox 1025 1874 1067 1904; x_wconf 86' lang='lat' dir='ltr'>ut</span> <span class='ocrx_word' id='word_1_216' title='bbox 1097 1874 1185 1904; x_wconf 88' lang='lat' dir='ltr'>acta</span> <span class='ocrx_word' id='word_1_217' title='bbox 1214 1864 1389 1904; x_wconf 84' lang='lat' dir='ltr'>Caesaris</span> <span class='ocrx_word' id='word_1_218' title='bbox 1420 1877 1504 1902; x_wconf 85' lang='lat' dir='ltr'>san-</span> 
     </span>
     <span class='ocr_line' id='line_1_27' title="bbox 178 1930 1503 1980; baseline -0.002 -12"><span class='ocrx_word' id='word_1_219' title='bbox 178 1930 299 1968; x_wconf 90' lang='lat' dir='ltr'>cirent</span> <span class='ocrx_word' id='word_1_220' title='bbox 337 1930 456 1980; x_wconf 84' lang='lat' dir='ltr'>idque</span> <span class='ocrx_word' id='word_1_221' title='bbox 495 1944 535 1968; x_wconf 87' lang='lat' dir='ltr'>se</span> <span class='ocrx_word' id='word_1_222' title='bbox 573 1931 742 1968; x_wconf 89' lang='lat' dir='ltr'>facturos</span> <span class='ocrx_word' id='word_1_223' title='bbox 781 1944 865 1969; x_wconf 92' lang='lat' dir='ltr'>esse</span> <span class='ocrx_word' id='word_1_224' title='bbox 904 1931 1082 1978; x_wconf 87' lang='lat' dir='ltr'>iurarent,</span> <span class='ocrx_word' id='word_1_225' title='bbox 1124 1938 1165 1968; x_wconf 92' lang='lat' dir='ltr'>ut</span> <span class='ocrx_word' id='word_1_226' title='bbox 1204 1938 1327 1968; x_wconf 85' lang='lat' dir='ltr'>castra</span> <span class='ocrx_word' id='word_1_227' title='bbox 1366 1942 1503 1967; x_wconf 91' lang='lat' dir='ltr'>omnes</span> 
     </span>
     <span class='ocr_line' id='line_1_28' title="bbox 178 1994 1501 2043; baseline -0.001 -12"><span class='ocrx_word' id='word_1_228' title='bbox 178 1995 367 2032; x_wconf 88' lang='lat' dir='ltr'>haberent</span> <span class='ocrx_word' id='word_1_229' title='bbox 414 2008 538 2043; x_wconf 85' lang='lat' dir='ltr'>eaque</span> <span class='ocrx_word' id='word_1_230' title='bbox 586 1994 738 2032; x_wconf 89' lang='lat' dir='ltr'>duoviri</span> <span class='ocrx_word' id='word_1_231' title='bbox 784 1995 968 2033; x_wconf 88' lang='lat' dir='ltr'>omnibus</span> <span class='ocrx_word' id='word_1_232' title='bbox 1015 1995 1216 2033; x_wconf 87' lang='lat' dir='ltr'>mensibus</span> <span class='ocrx_word' id='word_1_233' title='bbox 1256 1994 1501 2043; x_wconf 84' lang='lat' dir='ltr'>inspicerent.</span> 
     </span>
     <span class='ocr_line' id='line_1_29' title="bbox 179 2057 1504 2108; baseline -0.002 -12"><span class='ocrx_word' id='word_1_234' title='bbox 179 2060 352 2107; x_wconf 83' lang='lat' dir='ltr'>Questus</span> <span class='ocrx_word' id='word_1_235' title='bbox 379 2066 436 2096; x_wconf 89' lang='lat' dir='ltr'>est</span> <span class='ocrx_word' id='word_1_236' title='bbox 465 2058 582 2096; x_wconf 89' lang='lat' dir='ltr'>etiam</span> <span class='ocrx_word' id='word_1_237' title='bbox 609 2059 659 2096; x_wconf 92' lang='lat' dir='ltr'>de</span> <span class='ocrx_word' id='word_1_238' title='bbox 689 2072 758 2096; x_wconf 89' lang='lat' dir='ltr'>sua</span> <span class='ocrx_word' id='word_1_239' title='bbox 787 2058 933 2097; x_wconf 89' lang='lat' dir='ltr'>invidia</span> <span class='ocrx_word' id='word_1_240' title='bbox 956 2072 1080 2108; x_wconf 86' lang='lat' dir='ltr'>eaque</span> <span class='ocrx_word' id='word_1_241' title='bbox 1111 2059 1239 2097; x_wconf 91' lang='lat' dir='ltr'>omnis</span> <span class='ocrx_word' id='word_1_242' title='bbox 1269 2058 1351 2096; x_wconf 84' lang='lat' dir='ltr'>eius</span> <span class='ocrx_word' id='word_1_243' title='bbox 1381 2057 1504 2095; x_wconf 87' lang='lat' dir='ltr'>oratio</span> 
     </span>
     <span class='ocr_line' id='line_1_30' title="bbox 178 2121 1504 2172; baseline -0.002 -11"><span class='ocrx_word' id='word_1_244' title='bbox 178 2123 249 2161; x_wconf 89' lang='lat' dir='ltr'>fuit</span> <span class='ocrx_word' id='word_1_245' title='bbox 283 2131 325 2160; x_wconf 91' lang='lat' dir='ltr'>ut</span> <span class='ocrx_word' id='word_1_246' title='bbox 355 2136 485 2160; x_wconf 89' lang='lat' dir='ltr'>amare</span> <span class='ocrx_word' id='word_1_247' title='bbox 519 2122 713 2160; x_wconf 88' lang='lat' dir='ltr'>videretur</span> <span class='ocrx_word' id='word_1_248' title='bbox 742 2123 972 2161; x_wconf 90' lang='lat' dir='ltr'>Antonium.</span> <span class='ocrx_word' id='word_1_249' title='bbox 1042 2123 1150 2171; x_wconf 87' lang='lat' dir='ltr'>Quid</span> <span class='ocrx_word' id='word_1_250' title='bbox 1184 2122 1368 2172; x_wconf 87' lang='lat' dir='ltr'>quaeris?</span> <span class='ocrx_word' id='word_1_251' title='bbox 1406 2121 1504 2159; x_wconf 91' lang='lat' dir='ltr'>nihil</span> 
     </span>
    </p>
   </div>
   <div class='ocr_carea' id='block_1_5' title="bbox 178 2225 1501 2390">
    <p class='ocr_par' dir='ltr' id='par_1_6' title="bbox 178 2225 1501 2390">
     <span class='ocr_line' id='line_1_31' title="bbox 222 2225 1499 2266; baseline -0.001 -10"><span class='ocrx_word' id='word_1_252' title='bbox 222 2239 241 2266; x_wconf 79' lang='lat'><strong>4</strong></span> <span class='ocrx_word' id='word_1_253' title='bbox 265 2227 442 2256; x_wconf 76' lang='lat' dir='ltr'>videbatur</span> <span class='ocrx_word' id='word_1_254' title='bbox 459 2226 537 2256; x_wconf 80' lang='lat' dir='ltr'>coni.</span> <span class='ocrx_word' id='word_1_255' title='bbox 558 2225 660 2256; x_wconf 76' lang='lat' dir='ltr'>Orelli</span> <span class='ocrx_word' id='word_1_256' title='bbox 808 2228 829 2256; x_wconf 92' lang='lat'><strong>6</strong></span> <span class='ocrx_word' id='word_1_257' title='bbox 848 2229 924 2266; x_wconf 81' lang='lat' dir='ltr'>post</span> <span class='ocrx_word' id='word_1_258' title='bbox 941 2227 1051 2257; x_wconf 82' lang='lat' dir='ltr'>dicere</span> <span class='ocrx_word' id='word_1_259' title='bbox 1075 2226 1152 2258; x_wconf 82' lang='lat' dir='ltr'>add.</span> <span class='ocrx_word' id='word_1_260' title='bbox 1173 2227 1294 2257; x_wconf 86' lang='lat' dir='ltr'>decere</span> <span class='ocrx_word' id='word_1_261' title='bbox 1312 2226 1362 2256; x_wconf 76' lang='lat' dir='ltr'>vel</span> <span class='ocrx_word' id='word_1_262' title='bbox 1376 2226 1499 2256; x_wconf 88' lang='lat' dir='ltr'>debere</span> 
     </span>
     <span class='ocr_line' id='line_1_32' title="bbox 179 2268 1499 2309; baseline -0.002 -9"><span class='ocrx_word' id='word_1_263' title='bbox 179 2270 264 2300; x_wconf 76' lang='lat' dir='ltr'>Reid</span> <span class='ocrx_word' id='word_1_264' title='bbox 413 2270 433 2299; x_wconf 88' lang='grc'><strong>8</strong></span> <span class='ocrx_word' id='word_1_265' title='bbox 458 2269 544 2300; x_wconf 81' lang='lat' dir='ltr'>filius</span> <span class='ocrx_word' id='word_1_266' title='bbox 572 2269 661 2299; x_wconf 87' lang='lat' dir='ltr'>illius</span> <span class='ocrx_word' id='word_1_267' title='bbox 689 2269 771 2309; x_wconf 78' lang='lat' dir='ltr'>(om.</span> <span class='ocrx_word' id='word_1_268' title='bbox 797 2269 941 2305; x_wconf 53' lang='lat' dir='ltr'>Antoni)</span> <span class='ocrx_word' id='word_1_269' title='bbox 971 2270 1071 2300; x_wconf 74' lang='lat' dir='ltr'>Orelli</span> <span class='ocrx_word' id='word_1_270' title='bbox 1222 2270 1350 2300; x_wconf 88' lang='lat' dir='ltr'>Antoni</span> <span class='ocrx_word' id='word_1_271' title='bbox 1377 2280 1404 2300; x_wconf 86' lang='lat' dir='ltr'>v.</span> <span class='ocrx_word' id='word_1_272' title='bbox 1425 2280 1448 2299; x_wconf 89' lang='lat' dir='ltr'>c.</span> <span class='ocrx_word' id='word_1_273' title='bbox 1471 2268 1499 2298; x_wconf 90' lang='lat' dir='ltr'><em>L</em></span> 
     </span>
     <span class='ocr_line' id='line_1_33' title="bbox 180 2307 1499 2353; baseline -0.001 -11"><span class='ocrx_word' id='word_1_274' title='bbox 180 2315 315 2352; x_wconf 48' lang='lat' dir='ltr'>nuatgfl</span> <span class='ocrx_word' id='word_1_275' title='bbox 336 2307 379 2342; x_wconf 83' lang='lat' dir='ltr'>Zb</span> <span class='ocrx_word' id='word_1_276' title='bbox 397 2312 482 2344; x_wconf 73' lang='lat' dir='ltr'>Crat.</span> <span class='ocrx_word' id='word_1_277' title='bbox 503 2325 509 2343; x_wconf 86' lang='lat'>:</span> <span class='ocrx_word' id='word_1_278' title='bbox 534 2324 598 2343; x_wconf 84' lang='lat' dir='ltr'>om.</span> <span class='ocrx_word' id='word_1_279' title='bbox 621 2316 674 2342; x_wconf 88' lang='grc' dir='ltr'>ΣΔ</span> <span class='ocrx_word' id='word_1_280' title='bbox 847 2323 881 2343; x_wconf 89' lang='lat'>11</span> <span class='ocrx_word' id='word_1_281' title='bbox 903 2317 980 2353; x_wconf 81' lang='lat' dir='ltr'>post</span> <span class='ocrx_word' id='word_1_282' title='bbox 997 2314 1117 2353; x_wconf 83' lang='lat' dir='ltr'>scripsi</span> <span class='ocrx_word' id='word_1_283' title='bbox 1137 2313 1213 2345; x_wconf 80' lang='lat' dir='ltr'>add.</span> <span class='ocrx_word' id='word_1_284' title='bbox 1236 2313 1353 2352; x_wconf 84' lang='lat' dir='ltr'>raptim</span> <span class='ocrx_word' id='word_1_285' title='bbox 1371 2313 1499 2352; x_wconf 80' lang='lat' dir='ltr'>Haupt,</span> 
     </span>
     <span class='ocr_line' id='line_1_34' title="bbox 178 2356 1501 2390; baseline -0.001 -3"><span class='ocrx_word' id='word_1_286' title='bbox 178 2357 367 2387; x_wconf 86' lang='lat' dir='ltr'>summatim</span> <span class='ocrx_word' id='word_1_287' title='bbox 391 2356 500 2390; x_wconf 77' lang='lat' dir='ltr'>Orelli,</span> <span class='ocrx_word' id='word_1_288' title='bbox 528 2356 651 2386; x_wconf 79' lang='lat' dir='ltr'>similia</span> <span class='ocrx_word' id='word_1_289' title='bbox 674 2356 734 2386; x_wconf 78' lang='lat' dir='ltr'>alii</span> <span class='ocrx_word' id='word_1_290' title='bbox 861 2358 902 2386; x_wconf 84' lang='lat'>26</span> <span class='ocrx_word' id='word_1_291' title='bbox 926 2362 960 2388; x_wconf 86' lang='lat' dir='ltr'>ut</span> <span class='ocrx_word' id='word_1_292' title='bbox 978 2362 1087 2388; x_wconf 87' lang='lat' dir='ltr'>castra</span> <span class='ocrx_word' id='word_1_293' title='bbox 1112 2357 1207 2387; x_wconf 82' lang='lat' dir='ltr'><em>Otto:</em></span> <span class='ocrx_word' id='word_1_294' title='bbox 1232 2362 1339 2386; x_wconf 88' lang='lat' dir='ltr'>utram</span> <span class='ocrx_word' id='word_1_295' title='bbox 1361 2356 1413 2386; x_wconf 89' lang='lat' dir='ltr'>M¹</span> <span class='ocrx_word' id='word_1_296' title='bbox 1434 2368 1440 2387; x_wconf 75' lang='lat' dir='ltr'>z</span> <span class='ocrx_word' id='word_1_297' title='bbox 1466 2361 1501 2386; x_wconf 86' lang='lat' dir='ltr'>ut</span> 
     </span>
    </p>
   </div>
   <div class='ocr_carea' id='block_1_6' title="bbox 178 2397 1500 2441">
    <p class='ocr_par' dir='ltr' id='par_1_7' title="bbox 178 2397 1500 2441">
     <span class='ocr_line' id='line_1_35' title="bbox 178 2397 1500 2441; baseline -0.002 -11"><span class='ocrx_word' id='word_1_298' title='bbox 178 2406 249 2431; x_wconf 83' lang='lat' dir='ltr'>rata</span> <span class='ocrx_word' id='word_1_299' title='bbox 266 2400 339 2430; x_wconf 69' lang='lat' dir='ltr'>Vict.</span> <span class='ocrx_word' id='word_1_300' title='bbox 359 2411 365 2430; x_wconf 90' lang='lat'>:</span> <span class='ocrx_word' id='word_1_301' title='bbox 389 2406 424 2430; x_wconf 87' lang='lat' dir='ltr'>ut</span> <span class='ocrx_word' id='word_1_302' title='bbox 437 2410 529 2430; x_wconf 86' lang='lat' dir='ltr'>arma</span> <span class='ocrx_word' id='word_1_303' title='bbox 541 2400 600 2429; x_wconf 79' lang='lat' dir='ltr'>alii</span> <span class='ocrx_word' id='word_1_304' title='bbox 684 2400 797 2430; x_wconf 88' lang='lat' dir='ltr'>omnia</span> <span class='ocrx_word' id='word_1_305' title='bbox 810 2399 962 2431; x_wconf 75' lang='lat' dir='ltr'>Schmidt</span> <span class='ocrx_word' id='word_1_306' title='bbox 1048 2411 1088 2440; x_wconf 86' lang='lat'>27</span> <span class='ocrx_word' id='word_1_307' title='bbox 1114 2399 1261 2441; x_wconf 76' lang='lat' dir='ltr'>duoviri]</span> <span class='ocrx_word' id='word_1_308' title='bbox 1279 2401 1357 2430; x_wconf 90' lang='lat' dir='ltr'>dum</span> <span class='ocrx_word' id='word_1_309' title='bbox 1371 2400 1431 2430; x_wconf 88' lang='lat' dir='ltr'>viri</span> <span class='ocrx_word' id='word_1_310' title='bbox 1446 2397 1500 2428; x_wconf 78' lang='lat' dir='ltr'>M¹</span> 
     </span>
    </p>
   </div>
  </div>
 </body>
</html>
