<?xml version="1.0" encoding="UTF-8"?>
<!DOCTYPE html PUBLIC "-//W3C//DTD XHTML 1.0 Transitional//EN"
    "http://www.w3.org/TR/xhtml1/DTD/xhtml1-transitional.dtd">
<html xmlns="http://www.w3.org/1999/xhtml" xml:lang="en" lang="en">
 <head>
  <title>
</title>
<meta http-equiv="Content-Type" content="text/html;charset=utf-8" />
  <meta name='ocr-system' content='tesseract 3.04.00' />
  <meta name='ocr-capabilities' content='ocr_page ocr_carea ocr_par ocr_line ocrx_word'/>
</head>
<body>
  <div class='ocr_page' id='page_1' title='image "./epistulaerecogno0202ciceuoft_0157.png"; bbox 0 0 1827 2798; ppageno 0'>
   <div class='ocr_carea' id='block_1_1' title="bbox 581 153 1642 196">
    <p class='ocr_par' dir='ltr' id='par_1_1' title="bbox 581 153 1642 196">
     <span class='ocr_line' id='line_1_1' title="bbox 581 153 1642 196; baseline -0.005 -1"><span class='ocrx_word' id='word_1_1' title='bbox 581 158 693 195; x_wconf 90' lang='lat' dir='ltr'><strong>EPP.</strong></span> <span class='ocrx_word' id='word_1_2' title='bbox 725 158 802 195; x_wconf 93' lang='lat' dir='ltr'><strong>AD</strong></span> <span class='ocrx_word' id='word_1_3' title='bbox 832 156 1093 196; x_wconf 89' lang='lat' dir='ltr'><strong>ATTICVM</strong></span> <span class='ocrx_word' id='word_1_4' title='bbox 1446 154 1541 192; x_wconf 94' lang='lat' dir='ltr'><strong>XII.</strong></span> <span class='ocrx_word' id='word_1_5' title='bbox 1565 153 1642 191; x_wconf 88' lang='lat' dir='ltr'>xlii</span> 
     </span>
    </p>
   </div>
   <div class='ocr_carea' id='block_1_2' title="bbox 127 265 1533 640">
    <p class='ocr_par' dir='ltr' id='par_1_2' title="bbox 127 265 1533 640">
     <span class='ocr_line' id='line_1_2' title="bbox 164 265 1489 319; baseline -0.002 -12"><span class='ocrx_word' id='word_1_6' title='bbox 164 267 396 319; x_wconf 85' lang='lat' dir='ltr'><strong>(delectatur</strong></span> <span class='ocrx_word' id='word_1_7' title='bbox 422 266 526 307; x_wconf 85' lang='lat' dir='ltr'><strong>enirn</strong></span> <span class='ocrx_word' id='word_1_8' title='bbox 554 277 591 307; x_wconf 90' lang='lat' dir='ltr'><strong>et</strong></span> <span class='ocrx_word' id='word_1_9' title='bbox 619 268 780 319; x_wconf 83' lang='lat' dir='ltr'><strong>copiosa</strong></span> <span class='ocrx_word' id='word_1_10' title='bbox 805 267 892 318; x_wconf 87' lang='lat' dir='ltr'><strong>est),</strong></span> <span class='ocrx_word' id='word_1_11' title='bbox 915 275 952 307; x_wconf 94' lang='lat' dir='ltr'><strong>et</strong></span> <span class='ocrx_word' id='word_1_12' title='bbox 979 268 1074 307; x_wconf 90' lang='lat' dir='ltr'><strong>illud</strong></span> <span class='ocrx_word' id='word_1_13' title='bbox 1100 268 1264 306; x_wconf 87' lang='lat' dir='ltr'><strong>alterum</strong></span> <span class='ocrx_word' id='word_1_14' title='bbox 1293 280 1411 317; x_wconf 88' lang='lat' dir='ltr'>quam</span> <span class='ocrx_word' id='word_1_15' title='bbox 1441 265 1489 305; x_wconf 89' lang='lat' dir='ltr'><strong>sit</strong></span> 
     </span>
     <span class='ocr_line' id='line_1_3' title="bbox 163 331 1489 383; baseline -0.001 -12"><span class='ocrx_word' id='word_1_16' title='bbox 163 333 319 371; x_wconf 87' lang='lat' dir='ltr'><strong>difficile</strong></span> <span class='ocrx_word' id='word_1_17' title='bbox 340 341 377 371; x_wconf 87' lang='lat' dir='ltr'><strong>te</strong></span> <span class='ocrx_word' id='word_1_18' title='bbox 401 346 482 371; x_wconf 93' lang='lat' dir='ltr'><strong>non</strong></span> <span class='ocrx_word' id='word_1_19' title='bbox 507 333 613 383; x_wconf 82' lang='lat' dir='ltr'><strong>fugit.</strong></span> <span class='ocrx_word' id='word_1_20' title='bbox 674 335 763 380; x_wconf 87' lang='lat' dir='ltr'><strong>Sed,</strong></span> <span class='ocrx_word' id='word_1_21' title='bbox 787 333 962 381; x_wconf 84' lang='lat' dir='ltr'><strong>obsecro,</strong></span> <span class='ocrx_word' id='word_1_22' title='bbox 986 332 1180 371; x_wconf 81' lang='lat' dir='ltr'>enitamur</span> <span class='ocrx_word' id='word_1_23' title='bbox 1201 339 1242 371; x_wconf 93' lang='lat' dir='ltr'><strong>ut</strong></span> <span class='ocrx_word' id='word_1_24' title='bbox 1262 331 1411 383; x_wconf 86' lang='lat' dir='ltr'><strong>aliquid</strong></span> <span class='ocrx_word' id='word_1_25' title='bbox 1437 332 1489 370; x_wconf 87' lang='lat' dir='ltr'><strong>ad</strong></span> 
     </span>
     <span class='ocr_line' id='line_1_4' title="bbox 162 397 768 448; baseline 0.002 -13"><span class='ocrx_word' id='word_1_26' title='bbox 162 397 203 436; x_wconf 93' lang='lat' dir='ltr'><strong>id</strong></span> <span class='ocrx_word' id='word_1_27' title='bbox 224 399 333 447; x_wconf 88' lang='lat' dir='ltr'><strong>quod</strong></span> <span class='ocrx_word' id='word_1_28' title='bbox 353 398 471 448; x_wconf 90' lang='lat' dir='ltr'><strong>cupio</strong></span> <span class='ocrx_word' id='word_1_29' title='bbox 492 398 768 448; x_wconf 65' lang='lat' dir='ltr'><strong>excogitemus</strong></span> 
     </span>
     <span class='ocr_line' id='line_1_5' title="bbox 219 461 1533 513; baseline 0 -13"><span class='ocrx_word' id='word_1_30' title='bbox 219 464 304 512; x_wconf 84' lang='lat' dir='ltr'><strong>Ego</strong></span> <span class='ocrx_word' id='word_1_31' title='bbox 343 476 406 500; x_wconf 91' lang='lat' dir='ltr'><strong>me</strong></span> <span class='ocrx_word' id='word_1_32' title='bbox 445 462 537 501; x_wconf 87' lang='lat' dir='ltr'><strong>hinc</strong></span> <span class='ocrx_word' id='word_1_33' title='bbox 576 463 764 513; x_wconf 78' lang='lat' dir='ltr'>postridie</span> <span class='ocrx_word' id='word_1_34' title='bbox 802 465 860 501; x_wconf 81' lang='lat' dir='ltr'><strong>ld.</strong></span> <span class='ocrx_word' id='word_1_35' title='bbox 895 462 1087 502; x_wconf 81' lang='lat' dir='ltr'><strong>exiturum</strong></span> <span class='ocrx_word' id='word_1_36' title='bbox 1120 470 1216 513; x_wconf 90' lang='lat' dir='ltr'><strong>puto</strong></span> <span class='ocrx_word' id='word_1_37' title='bbox 1251 463 1320 501; x_wconf 91' lang='lat' dir='ltr'><strong>sed</strong></span> <span class='ocrx_word' id='word_1_38' title='bbox 1351 470 1417 501; x_wconf 90' lang='lat' dir='ltr'><strong>aut</strong></span> <span class='ocrx_word' id='word_1_39' title='bbox 1448 461 1488 500; x_wconf 91' lang='lat' dir='ltr'><strong>in</strong></span> <span class='ocrx_word' id='word_1_40' title='bbox 1509 466 1533 504; x_wconf 88' lang='lat'><strong>3</strong></span> 
     </span>
     <span class='ocr_line' id='line_1_6' title="bbox 127 527 1490 578; baseline 0 -13"><span class='ocrx_word' id='word_1_41' title='bbox 127 529 434 570; x_wconf 87' lang='lat' dir='ltr'><strong>5Tusculanum</strong></span> <span class='ocrx_word' id='word_1_42' title='bbox 472 535 539 566; x_wconf 92' lang='lat' dir='ltr'><strong>aut</strong></span> <span class='ocrx_word' id='word_1_43' title='bbox 577 529 753 575; x_wconf 90' lang='lat' dir='ltr'><strong>domum,</strong></span> <span class='ocrx_word' id='word_1_44' title='bbox 788 528 881 567; x_wconf 88' lang='lat' dir='ltr'><strong>inde</strong></span> <span class='ocrx_word' id='word_1_45' title='bbox 919 529 1082 567; x_wconf 85' lang='lat' dir='ltr'><strong>fortasse</strong></span> <span class='ocrx_word' id='word_1_46' title='bbox 1121 527 1326 578; x_wconf 85' lang='lat' dir='ltr'><strong>Arpinum.</strong></span> <span class='ocrx_word' id='word_1_47' title='bbox 1386 528 1490 567; x_wconf 91' lang='lat' dir='ltr'><strong>Cum</strong></span> 
     </span>
     <span class='ocr_line' id='line_1_7' title="bbox 165 592 835 640; baseline 0.001 -10"><span class='ocrx_word' id='word_1_48' title='bbox 165 599 314 630; x_wconf 90' lang='lat' dir='ltr'><strong>certum</strong></span> <span class='ocrx_word' id='word_1_49' title='bbox 344 592 478 640; x_wconf 80' lang='lat' dir='ltr'>sciero,</span> <span class='ocrx_word' id='word_1_50' title='bbox 511 592 677 631; x_wconf 83' lang='lat' dir='ltr'><strong>scribam</strong></span> <span class='ocrx_word' id='word_1_51' title='bbox 707 594 758 631; x_wconf 87' lang='lat' dir='ltr'><strong>ad</strong></span> <span class='ocrx_word' id='word_1_52' title='bbox 788 600 835 631; x_wconf 86' lang='lat' dir='ltr'><strong>te.</strong></span> 
     </span>
    </p>
   </div>
   <div class='ocr_carea' id='block_1_3' title="bbox 206 791 1178 837">
    <p class='ocr_par' dir='ltr' id='par_1_3' title="bbox 206 791 1178 837">
     <span class='ocr_line' id='line_1_8' title="bbox 206 791 1178 837; baseline 0 -11"><span class='ocrx_word' id='word_1_53' title='bbox 206 791 361 826; x_wconf 77' lang='lat' dir='ltr'>XLIII</span> <span class='ocrx_word' id='word_1_54' title='bbox 493 794 560 827; x_wconf 66' lang='grc' dir='ltr'><strong>διν.</strong></span> <span class='ocrx_word' id='word_1_55' title='bbox 580 795 728 826; x_wconf 78' lang='lat' dir='ltr'><em>Asturae</em></span> <span class='ocrx_word' id='word_1_56' title='bbox 742 796 774 826; x_wconf 80' lang='lat' dir='ltr'><strong>iv</strong></span> <span class='ocrx_word' id='word_1_57' title='bbox 788 794 839 826; x_wconf 85' lang='lat' dir='ltr'><strong>Id.</strong></span> <span class='ocrx_word' id='word_1_58' title='bbox 860 794 940 827; x_wconf 79' lang='lat' dir='ltr'><strong>Mai.</strong></span> <span class='ocrx_word' id='word_1_59' title='bbox 964 806 994 826; x_wconf 86' lang='lat' dir='ltr'><strong>a.</strong></span> <span class='ocrx_word' id='word_1_60' title='bbox 1016 804 1075 836; x_wconf 88' lang='lat'><strong>709</strong></span> <span class='ocrx_word' id='word_1_61' title='bbox 1094 794 1178 837; x_wconf 72' lang='lat'><em>(45).</em></span> 
     </span>
    </p>
   </div>
   <div class='ocr_carea' id='block_1_4' title="bbox 571 888 1087 921">
    <p class='ocr_par' dir='ltr' id='par_1_4' title="bbox 571 888 1087 921">
     <span class='ocr_line' id='line_1_9' title="bbox 571 888 1087 921; baseline 0.002 -1"><span class='ocrx_word' id='word_1_62' title='bbox 571 889 742 921; x_wconf 83' lang='lat' dir='ltr'><em>CICERO</em></span> <span class='ocrx_word' id='word_1_63' title='bbox 771 890 804 921; x_wconf 89' lang='lat' dir='ltr'><em>A</em></span> <span class='ocrx_word' id='word_1_64' title='bbox 814 889 952 921; x_wconf 88' lang='lat' dir='ltr'><em>TTICO</em></span> <span class='ocrx_word' id='word_1_65' title='bbox 979 888 1087 921; x_wconf 79' lang='lat' dir='ltr'><em>SAL.</em></span> 
     </span>
    </p>
   </div>
   <div class='ocr_carea' id='block_1_5' title="bbox 110 981 1645 2194">
    <p class='ocr_par' dir='ltr' id='par_1_5' title="bbox 110 981 1645 1162">
     <span class='ocr_line' id='line_1_10' title="bbox 219 981 1528 1032; baseline -0.002 -10"><span class='ocrx_word' id='word_1_66' title='bbox 219 985 391 1022; x_wconf 88' lang='lat' dir='ltr'><strong>Venerat</strong></span> <span class='ocrx_word' id='word_1_67' title='bbox 423 983 518 1022; x_wconf 87' lang='lat' dir='ltr'><strong>mihi</strong></span> <span class='ocrx_word' id='word_1_68' title='bbox 550 983 589 1022; x_wconf 93' lang='lat' dir='ltr'><strong>in</strong></span> <span class='ocrx_word' id='word_1_69' title='bbox 621 991 795 1023; x_wconf 81' lang='lat' dir='ltr'><strong>mentem</strong></span> <span class='ocrx_word' id='word_1_70' title='bbox 828 997 988 1022; x_wconf 89' lang='lat' dir='ltr'><strong>monere</strong></span> <span class='ocrx_word' id='word_1_71' title='bbox 1018 990 1056 1021; x_wconf 92' lang='lat' dir='ltr'><strong>te</strong></span> <span class='ocrx_word' id='word_1_72' title='bbox 1085 989 1128 1020; x_wconf 93' lang='lat' dir='ltr'><strong>ut</strong></span> <span class='ocrx_word' id='word_1_73' title='bbox 1157 982 1197 1021; x_wconf 91' lang='lat' dir='ltr'><strong>id</strong></span> <span class='ocrx_word' id='word_1_74' title='bbox 1227 981 1355 1032; x_wconf 88' lang='lat' dir='ltr'><strong>ipsum</strong></span> <span class='ocrx_word' id='word_1_75' title='bbox 1383 982 1491 1031; x_wconf 87' lang='lat' dir='ltr'><strong>quod</strong></span> <span class='ocrx_word' id='word_1_76' title='bbox 1511 992 1528 1019; x_wconf 93' lang='lat'>1</span> 
     </span>
     <span class='ocr_line' id='line_1_11' title="bbox 110 1036 1645 1087; baseline 0 -3"><span class='ocrx_word' id='word_1_77' title='bbox 110 1062 148 1084; x_wconf 86' lang='lat'><strong>10</strong></span> <span class='ocrx_word' id='word_1_78' title='bbox 168 1047 260 1086; x_wconf 81' lang='lat' dir='ltr'><strong>facis</strong></span> <span class='ocrx_word' id='word_1_79' title='bbox 292 1050 447 1087; x_wconf 88' lang='lat' dir='ltr'><strong>faceres.</strong></span> <span class='ocrx_word' id='word_1_80' title='bbox 509 1049 701 1086; x_wconf 83' lang='lat' dir='ltr'>Putabam</span> <span class='ocrx_word' id='word_1_81' title='bbox 736 1048 842 1086; x_wconf 86' lang='lat' dir='ltr'><strong>enim</strong></span> <span class='ocrx_word' id='word_1_82' title='bbox 882 1047 1131 1086; x_wconf 83' lang='lat' dir='ltr'>commodius</span> <span class='ocrx_word' id='word_1_83' title='bbox 1171 1054 1208 1085; x_wconf 90' lang='lat' dir='ltr'><strong>te</strong></span> <span class='ocrx_word' id='word_1_84' title='bbox 1247 1047 1352 1085; x_wconf 86' lang='lat' dir='ltr'><strong>idem</strong></span> <span class='ocrx_word' id='word_1_85' title='bbox 1387 1046 1492 1085; x_wconf 91' lang='lat' dir='ltr'><strong>istud</strong></span> <span class='ocrx_word' id='word_1_86' title='bbox 1515 1036 1645 1077; x_wconf 52' lang='lat' dir='ltr'>(Xfflff&#39;</span> 
     </span>
     <span class='ocr_line' id='line_1_12' title="bbox 167 1111 1094 1162; baseline -0.002 -11"><span class='ocrx_word' id='word_1_87' title='bbox 167 1112 276 1151; x_wconf 88' lang='lat' dir='ltr'><strong>domi</strong></span> <span class='ocrx_word' id='word_1_88' title='bbox 304 1126 417 1162; x_wconf 85' lang='lat' dir='ltr'><strong>agere</strong></span> <span class='ocrx_word' id='word_1_89' title='bbox 445 1125 561 1162; x_wconf 89' lang='lat' dir='ltr'><strong>posse</strong></span> <span class='ocrx_word' id='word_1_90' title='bbox 590 1111 902 1161; x_wconf 81' lang='lat' dir='ltr'><strong>interpellatione</strong></span> <span class='ocrx_word' id='word_1_91' title='bbox 932 1111 1094 1149; x_wconf 87' lang='lat' dir='ltr'><strong>sublata.</strong></span> 
     </span>
    </p>

    <p class='ocr_par' dir='ltr' id='par_1_6' title="bbox 167 1174 1615 1354">
     <span class='ocr_line' id='line_1_13' title="bbox 222 1174 1615 1226; baseline -0.003 -12"><span class='ocrx_word' id='word_1_92' title='bbox 222 1178 306 1226; x_wconf 86' lang='lat' dir='ltr'><strong>Ego</strong></span> <span class='ocrx_word' id='word_1_93' title='bbox 326 1176 513 1226; x_wconf 84' lang='lat' dir='ltr'><strong>postridie</strong></span> <span class='ocrx_word' id='word_1_94' title='bbox 539 1177 645 1223; x_wconf 86' lang='lat' dir='ltr'><strong>Idus,</strong></span> <span class='ocrx_word' id='word_1_95' title='bbox 671 1183 712 1213; x_wconf 91' lang='lat' dir='ltr'><strong>ut</strong></span> <span class='ocrx_word' id='word_1_96' title='bbox 739 1175 874 1226; x_wconf 79' lang='lat' dir='ltr'><strong>scripsi</strong></span> <span class='ocrx_word' id='word_1_97' title='bbox 894 1177 945 1214; x_wconf 89' lang='lat' dir='ltr'><strong>ad</strong></span> <span class='ocrx_word' id='word_1_98' title='bbox 966 1183 1004 1214; x_wconf 88' lang='lat' dir='ltr'><strong>te</strong></span> <span class='ocrx_word' id='word_1_99' title='bbox 1030 1182 1132 1222; x_wconf 90' lang='lat' dir='ltr'><strong>ante,</strong></span> <span class='ocrx_word' id='word_1_100' title='bbox 1157 1174 1308 1214; x_wconf 90' lang='lat' dir='ltr'><strong>Lanuvi</strong></span> <span class='ocrx_word' id='word_1_101' title='bbox 1335 1188 1493 1213; x_wconf 88' lang='lat' dir='ltr'><strong>manere</strong></span> <span class='ocrx_word' id='word_1_102' title='bbox 1515 1180 1615 1220; x_wconf 75' lang='lat' dir='ltr'><strong>(xmxr</strong></span> 
     </span>
     <span class='ocr_line' id='line_1_14' title="bbox 167 1223 1549 1288; baseline -0.001 -9"><span class='ocrx_word' id='word_1_103' title='bbox 167 1241 361 1287; x_wconf 87' lang='lat' dir='ltr'><strong>constitui,</strong></span> <span class='ocrx_word' id='word_1_104' title='bbox 399 1240 490 1279; x_wconf 89' lang='lat' dir='ltr'><strong>inde</strong></span> <span class='ocrx_word' id='word_1_105' title='bbox 528 1248 595 1278; x_wconf 88' lang='lat' dir='ltr'><strong>aut</strong></span> <span class='ocrx_word' id='word_1_106' title='bbox 627 1242 781 1279; x_wconf 88' lang='lat' dir='ltr'><strong>Romae</strong></span> <span class='ocrx_word' id='word_1_107' title='bbox 811 1248 878 1278; x_wconf 88' lang='lat' dir='ltr'><strong>aut</strong></span> <span class='ocrx_word' id='word_1_108' title='bbox 910 1240 950 1278; x_wconf 91' lang='lat' dir='ltr'><strong>in</strong></span> <span class='ocrx_word' id='word_1_109' title='bbox 984 1242 1237 1288; x_wconf 85' lang='lat' dir='ltr'><strong>Tusculano,·</strong></span> <span class='ocrx_word' id='word_1_110' title='bbox 1271 1239 1369 1278; x_wconf 87' lang='lat' dir='ltr'><strong>scies</strong></span> <span class='ocrx_word' id='word_1_111' title='bbox 1403 1247 1494 1278; x_wconf 88' lang='lat' dir='ltr'><strong>ante</strong></span> <span class='ocrx_word' id='word_1_112' title='bbox 1516 1223 1549 1264; x_wconf 61' lang='grc' dir='ltr'><strong>Ι)</strong></span> 
     </span>
     <span class='ocr_line' id='line_1_15' title="bbox 168 1305 1495 1354; baseline 0 -11"><span class='ocrx_word' id='word_1_113' title='bbox 168 1313 308 1343; x_wconf 90' lang='lat' dir='ltr'><strong>utrum.</strong></span> <span class='ocrx_word' id='word_1_114' title='bbox 368 1306 514 1354; x_wconf 84' lang='lat' dir='ltr'><strong>†Quod</strong></span> <span class='ocrx_word' id='word_1_115' title='bbox 539 1305 637 1344; x_wconf 91' lang='lat' dir='ltr'><strong>scies</strong></span> <span class='ocrx_word' id='word_1_116' title='bbox 664 1313 768 1344; x_wconf 90' lang='lat' dir='ltr'><strong>recte</strong></span> <span class='ocrx_word' id='word_1_117' title='bbox 794 1305 900 1343; x_wconf 85' lang='lat' dir='ltr'><strong>illam</strong></span> <span class='ocrx_word' id='word_1_118' title='bbox 921 1319 1003 1344; x_wconf 90' lang='lat' dir='ltr'><strong>rem</strong></span> <span class='ocrx_word' id='word_1_119' title='bbox 1028 1307 1109 1344; x_wconf 89' lang='lat' dir='ltr'><strong>fore</strong></span> <span class='ocrx_word' id='word_1_120' title='bbox 1136 1307 1370 1352; x_wconf 87' lang='lat' dir='ltr'><strong>levamento,</strong></span> <span class='ocrx_word' id='word_1_121' title='bbox 1392 1305 1495 1343; x_wconf 85' lang='lat' dir='ltr'><strong>bene</strong></span> 
     </span>
    </p>

    <p class='ocr_par' dir='ltr' id='par_1_7' title="bbox 113 1370 1540 1678">
     <span class='ocr_line' id='line_1_16' title="bbox 113 1370 1495 1420; baseline -0.001 -13"><span class='ocrx_word' id='word_1_122' title='bbox 113 1385 147 1417; x_wconf 81' lang='lat'><strong>15</strong></span> <span class='ocrx_word' id='word_1_123' title='bbox 168 1370 261 1408; x_wconf 83' lang='lat' dir='ltr'><strong>facis</strong></span> <span class='ocrx_word' id='word_1_124' title='bbox 290 1370 535 1408; x_wconf 82' lang='lat' dir='ltr'><strong>cumidesse†</strong></span> <span class='ocrx_word' id='word_1_125' title='bbox 562 1370 658 1408; x_wconf 90' lang='lat' dir='ltr'><strong>mihi</strong></span> <span class='ocrx_word' id='word_1_126' title='bbox 684 1371 802 1408; x_wconf 90' lang='lat' dir='ltr'><strong>crede</strong></span> <span class='ocrx_word' id='word_1_127' title='bbox 831 1370 994 1420; x_wconf 88' lang='lat' dir='ltr'><strong>perinde</strong></span> <span class='ocrx_word' id='word_1_128' title='bbox 1025 1378 1067 1408; x_wconf 91' lang='lat' dir='ltr'><strong>ut</strong></span> <span class='ocrx_word' id='word_1_129' title='bbox 1096 1370 1316 1408; x_wconf 84' lang='lat' dir='ltr'><strong>existimare</strong></span> <span class='ocrx_word' id='word_1_130' title='bbox 1346 1377 1386 1407; x_wconf 90' lang='lat' dir='ltr'><strong>tu</strong></span> <span class='ocrx_word' id='word_1_131' title='bbox 1414 1382 1495 1407; x_wconf 89' lang='lat' dir='ltr'><strong>non</strong></span> 
     </span>
     <span class='ocr_line' id='line_1_17' title="bbox 167 1433 1495 1486; baseline 0 -13"><span class='ocrx_word' id='word_1_132' title='bbox 167 1442 290 1485; x_wconf 87' lang='lat' dir='ltr'><strong>potes.</strong></span> <span class='ocrx_word' id='word_1_133' title='bbox 350 1437 431 1473; x_wconf 89' lang='lat' dir='ltr'><strong>Res</strong></span> <span class='ocrx_word' id='word_1_134' title='bbox 464 1435 611 1473; x_wconf 88' lang='lat' dir='ltr'><strong>indicat</strong></span> <span class='ocrx_word' id='word_1_135' title='bbox 650 1443 799 1485; x_wconf 85' lang='lat' dir='ltr'><strong>quanto</strong></span> <span class='ocrx_word' id='word_1_136' title='bbox 838 1449 955 1485; x_wconf 91' lang='lat' dir='ltr'><strong>opere</strong></span> <span class='ocrx_word' id='word_1_137' title='bbox 989 1435 1030 1473; x_wconf 91' lang='lat' dir='ltr'><strong>id</strong></span> <span class='ocrx_word' id='word_1_138' title='bbox 1064 1435 1232 1486; x_wconf 89' lang='lat' dir='ltr'><strong>cupiam,</strong></span> <span class='ocrx_word' id='word_1_139' title='bbox 1269 1448 1391 1484; x_wconf 86' lang='lat' dir='ltr'><strong>quom</strong></span> <span class='ocrx_word' id='word_1_140' title='bbox 1425 1433 1495 1473; x_wconf 89' lang='lat' dir='ltr'><strong>tibi</strong></span> 
     </span>
     <span class='ocr_line' id='line_1_18' title="bbox 167 1498 1493 1549; baseline -0.001 -11"><span class='ocrx_word' id='word_1_141' title='bbox 167 1500 335 1538; x_wconf 78' lang='lat' dir='ltr'>audeam</span> <span class='ocrx_word' id='word_1_142' title='bbox 365 1499 542 1538; x_wconf 87' lang='lat' dir='ltr'><strong>confiteri</strong></span> <span class='ocrx_word' id='word_1_143' title='bbox 572 1513 691 1549; x_wconf 86' lang='lat' dir='ltr'><strong>quem</strong></span> <span class='ocrx_word' id='word_1_144' title='bbox 721 1499 761 1538; x_wconf 88' lang='lat' dir='ltr'><strong>id</strong></span> <span class='ocrx_word' id='word_1_145' title='bbox 791 1513 872 1538; x_wconf 89' lang='lat' dir='ltr'><strong>non</strong></span> <span class='ocrx_word' id='word_1_146' title='bbox 902 1499 955 1538; x_wconf 87' lang='lat' dir='ltr'><strong>ita</strong></span> <span class='ocrx_word' id='word_1_147' title='bbox 985 1501 1098 1538; x_wconf 89' lang='lat' dir='ltr'><strong>valde</strong></span> <span class='ocrx_word' id='word_1_148' title='bbox 1128 1500 1293 1549; x_wconf 89' lang='lat' dir='ltr'><strong>probare</strong></span> <span class='ocrx_word' id='word_1_149' title='bbox 1321 1498 1493 1537; x_wconf 86' lang='lat' dir='ltr'><strong>arbitrer.</strong></span> 
     </span>
     <span class='ocr_line' id='line_1_19' title="bbox 169 1563 1497 1603; baseline -0.002 0"><span class='ocrx_word' id='word_1_150' title='bbox 169 1565 247 1603; x_wconf 88' lang='lat' dir='ltr'><strong>Sed</strong></span> <span class='ocrx_word' id='word_1_151' title='bbox 280 1565 464 1602; x_wconf 84' lang='lat' dir='ltr'><strong>serendus</strong></span> <span class='ocrx_word' id='word_1_152' title='bbox 496 1563 566 1602; x_wconf 91' lang='lat' dir='ltr'><strong>tibi</strong></span> <span class='ocrx_word' id='word_1_153' title='bbox 598 1564 637 1601; x_wconf 90' lang='lat' dir='ltr'><strong>in</strong></span> <span class='ocrx_word' id='word_1_154' title='bbox 668 1565 744 1603; x_wconf 89' lang='lat' dir='ltr'><strong>hoc</strong></span> <span class='ocrx_word' id='word_1_155' title='bbox 779 1578 890 1602; x_wconf 92' lang='lat' dir='ltr'><strong>meus</strong></span> <span class='ocrx_word' id='word_1_156' title='bbox 924 1578 1038 1603; x_wconf 90' lang='lat' dir='ltr'><strong>error.</strong></span> <span class='ocrx_word' id='word_1_157' title='bbox 1100 1565 1331 1602; x_wconf 87' lang='lat' dir='ltr'><strong>Ferendus?</strong></span> <span class='ocrx_word' id='word_1_158' title='bbox 1373 1563 1497 1601; x_wconf 89' lang='lat' dir='ltr'><strong>immo</strong></span> 
     </span>
     <span class='ocr_line' id='line_1_20' title="bbox 168 1627 1540 1678; baseline -0.001 -11"><span class='ocrx_word' id='word_1_159' title='bbox 168 1642 260 1667; x_wconf 81' lang='lat' dir='ltr'><strong>vero</strong></span> <span class='ocrx_word' id='word_1_160' title='bbox 289 1628 407 1667; x_wconf 86' lang='lat' dir='ltr'><strong>etiarn</strong></span> <span class='ocrx_word' id='word_1_161' title='bbox 436 1628 694 1667; x_wconf 88' lang='lat' dir='ltr'><strong>adiuvandus.</strong></span> <span class='ocrx_word' id='word_1_162' title='bbox 756 1630 817 1667; x_wconf 92' lang='lat' dir='ltr'><strong>De</strong></span> <span class='ocrx_word' id='word_1_163' title='bbox 847 1629 1009 1668; x_wconf 86' lang='lat' dir='ltr'><strong>Othone</strong></span> <span class='ocrx_word' id='word_1_164' title='bbox 1039 1629 1187 1676; x_wconf 80' lang='lat' dir='ltr'><strong>diffido,</strong></span> <span class='ocrx_word' id='word_1_165' title='bbox 1213 1630 1376 1666; x_wconf 87' lang='lat' dir='ltr'><strong>fortasse</strong></span> <span class='ocrx_word' id='word_1_166' title='bbox 1405 1627 1497 1678; x_wconf 89' lang='lat' dir='ltr'><strong>quia</strong></span> <span class='ocrx_word' id='word_1_167' title='bbox 1516 1640 1540 1666; x_wconf 86' lang='lat'>2</span> 
     </span>
    </p>

    <p class='ocr_par' dir='ltr' id='par_1_8' title="bbox 113 1693 1497 2001">
     <span class='ocr_line' id='line_1_21' title="bbox 113 1693 1496 1744; baseline -0.001 -13"><span class='ocrx_word' id='word_1_168' title='bbox 113 1709 150 1730; x_wconf 77' lang='lat'><strong>20</strong></span> <span class='ocrx_word' id='word_1_169' title='bbox 169 1694 296 1744; x_wconf 89' lang='lat' dir='ltr'><strong>cupio.</strong></span> <span class='ocrx_word' id='word_1_170' title='bbox 356 1694 434 1732; x_wconf 85' lang='lat' dir='ltr'><strong>Sed</strong></span> <span class='ocrx_word' id='word_1_171' title='bbox 466 1701 597 1731; x_wconf 84' lang='lat' dir='ltr'><strong>tamen</strong></span> <span class='ocrx_word' id='word_1_172' title='bbox 633 1693 756 1732; x_wconf 89' lang='lat' dir='ltr'><strong>maior</strong></span> <span class='ocrx_word' id='word_1_173' title='bbox 794 1693 912 1732; x_wconf 87' lang='lat' dir='ltr'><strong>etiam</strong></span> <span class='ocrx_word' id='word_1_174' title='bbox 946 1707 1005 1732; x_wconf 88' lang='lat' dir='ltr'><strong>res</strong></span> <span class='ocrx_word' id='word_1_175' title='bbox 1044 1701 1102 1732; x_wconf 88' lang='lat' dir='ltr'><strong>est</strong></span> <span class='ocrx_word' id='word_1_176' title='bbox 1140 1706 1260 1743; x_wconf 89' lang='lat' dir='ltr'>quam</span> <span class='ocrx_word' id='word_1_177' title='bbox 1294 1694 1496 1731; x_wconf 85' lang='lat' dir='ltr'><strong>facultates</strong></span> 
     </span>
     <span class='ocr_line' id='line_1_22' title="bbox 170 1758 1497 1808; baseline -0.001 -12"><span class='ocrx_word' id='word_1_178' title='bbox 170 1766 335 1805; x_wconf 90' lang='lat' dir='ltr'><strong>nostrae,</strong></span> <span class='ocrx_word' id='word_1_179' title='bbox 371 1758 597 1808; x_wconf 87' lang='lat' dir='ltr'><strong>praesertim</strong></span> <span class='ocrx_word' id='word_1_180' title='bbox 635 1758 856 1796; x_wconf 87' lang='lat' dir='ltr'><strong>adversario</strong></span> <span class='ocrx_word' id='word_1_181' title='bbox 891 1766 929 1796; x_wconf 90' lang='lat' dir='ltr'><strong>et</strong></span> <span class='ocrx_word' id='word_1_182' title='bbox 963 1758 1110 1808; x_wconf 88' lang='lat' dir='ltr'><strong>cupido</strong></span> <span class='ocrx_word' id='word_1_183' title='bbox 1148 1765 1186 1796; x_wconf 89' lang='lat' dir='ltr'><strong>et</strong></span> <span class='ocrx_word' id='word_1_184' title='bbox 1224 1758 1421 1807; x_wconf 91' lang='lat' dir='ltr'><strong>locuplete</strong></span> <span class='ocrx_word' id='word_1_185' title='bbox 1459 1764 1497 1795; x_wconf 77' lang='lat' dir='ltr'><strong>et</strong></span> 
     </span>
     <span class='ocr_line' id='line_1_23' title="bbox 170 1821 1497 1862; baseline -0.002 -1"><span class='ocrx_word' id='word_1_186' title='bbox 170 1824 323 1861; x_wconf 90' lang='lat' dir='ltr'><strong>herede.</strong></span> <span class='ocrx_word' id='word_1_187' title='bbox 372 1822 598 1861; x_wconf 85' lang='lat' dir='ltr'><strong>Proximum</strong></span> <span class='ocrx_word' id='word_1_188' title='bbox 620 1829 678 1861; x_wconf 90' lang='lat' dir='ltr'><strong>est</strong></span> <span class='ocrx_word' id='word_1_189' title='bbox 700 1830 741 1860; x_wconf 94' lang='lat' dir='ltr'><strong>ut</strong></span> <span class='ocrx_word' id='word_1_190' title='bbox 762 1822 878 1861; x_wconf 87' lang='lat' dir='ltr'><strong>velim</strong></span> <span class='ocrx_word' id='word_1_191' title='bbox 900 1823 1075 1862; x_wconf 82' lang='lat' dir='ltr'><strong>Clodiae.</strong></span> <span class='ocrx_word' id='word_1_192' title='bbox 1124 1823 1202 1861; x_wconf 86' lang='lat' dir='ltr'><strong>Sed</strong></span> <span class='ocrx_word' id='word_1_193' title='bbox 1223 1821 1253 1860; x_wconf 86' lang='lat' dir='ltr'><strong>si</strong></span> <span class='ocrx_word' id='word_1_194' title='bbox 1274 1822 1347 1860; x_wconf 88' lang='lat' dir='ltr'><strong>ista</strong></span> <span class='ocrx_word' id='word_1_195' title='bbox 1367 1821 1497 1859; x_wconf 86' lang='lat' dir='ltr'><strong>minus</strong></span> 
     </span>
     <span class='ocr_line' id='line_1_24' title="bbox 169 1886 1497 1937; baseline -0.002 -12"><span class='ocrx_word' id='word_1_196' title='bbox 169 1887 310 1925; x_wconf 88' lang='lat' dir='ltr'><strong>confici</strong></span> <span class='ocrx_word' id='word_1_197' title='bbox 340 1895 515 1937; x_wconf 90' lang='lat' dir='ltr'><strong>possunt,</strong></span> <span class='ocrx_word' id='word_1_198' title='bbox 545 1888 656 1926; x_wconf 89' lang='lat' dir='ltr'><strong>effice</strong></span> <span class='ocrx_word' id='word_1_199' title='bbox 689 1887 854 1937; x_wconf 87' lang='lat' dir='ltr'><strong>quidvis.</strong></span> <span class='ocrx_word' id='word_1_200' title='bbox 916 1889 1002 1937; x_wconf 86' lang='lat' dir='ltr'><strong>Ego</strong></span> <span class='ocrx_word' id='word_1_201' title='bbox 1036 1901 1099 1926; x_wconf 92' lang='lat' dir='ltr'><strong>me</strong></span> <span class='ocrx_word' id='word_1_202' title='bbox 1131 1886 1278 1924; x_wconf 91' lang='lat' dir='ltr'><strong>maiore</strong></span> <span class='ocrx_word' id='word_1_203' title='bbox 1312 1886 1497 1936; x_wconf 84' lang='lat' dir='ltr'><strong>religione</strong></span> 
     </span>
     <span class='ocr_line' id='line_1_25' title="bbox 170 1950 1497 2001; baseline -0.001 -12"><span class='ocrx_word' id='word_1_204' title='bbox 170 1965 289 2001; x_wconf 80' lang='lat' dir='ltr'>quam</span> <span class='ocrx_word' id='word_1_205' title='bbox 319 1951 527 2001; x_wconf 88' lang='lat' dir='ltr'><strong>quisquam</strong></span> <span class='ocrx_word' id='word_1_206' title='bbox 557 1951 628 1989; x_wconf 86' lang='lat' dir='ltr'><strong>fuit</strong></span> <span class='ocrx_word' id='word_1_207' title='bbox 658 1951 773 1989; x_wconf 86' lang='lat' dir='ltr'><strong>ullius</strong></span> <span class='ocrx_word' id='word_1_208' title='bbox 793 1951 874 1990; x_wconf 84' lang='lat' dir='ltr'><strong>voti</strong></span> <span class='ocrx_word' id='word_1_209' title='bbox 903 1952 1136 1990; x_wconf 88' lang='lat' dir='ltr'><strong>obstrictum</strong></span> <span class='ocrx_word' id='word_1_210' title='bbox 1166 1959 1272 2001; x_wconf 90' lang='lat' dir='ltr'><strong>puto.</strong></span> <span class='ocrx_word' id='word_1_211' title='bbox 1331 1950 1497 1989; x_wconf 87' lang='lat' dir='ltr'><strong>Videbis</strong></span> 
     </span>
    </p>

    <p class='ocr_par' dir='ltr' id='par_1_9' title="bbox 115 2014 1497 2194">
     <span class='ocr_line' id='line_1_26' title="bbox 115 2014 1497 2062; baseline 0 -10"><span class='ocrx_word' id='word_1_212' title='bbox 115 2031 150 2062; x_wconf 80' lang='lat'><strong>:5</strong></span> <span class='ocrx_word' id='word_1_213' title='bbox 171 2015 288 2053; x_wconf 87' lang='lat' dir='ltr'><strong>ctiam</strong></span> <span class='ocrx_word' id='word_1_214' title='bbox 309 2016 593 2062; x_wconf 86' lang='lat' dir='ltr'><strong>Trebonianos,</strong></span> <span class='ocrx_word' id='word_1_215' title='bbox 617 2015 689 2054; x_wconf 88' lang='lat' dir='ltr'><strong>etsi</strong></span> <span class='ocrx_word' id='word_1_216' title='bbox 713 2016 857 2054; x_wconf 88' lang='lat' dir='ltr'><strong>absunt</strong></span> <span class='ocrx_word' id='word_1_217' title='bbox 884 2016 1046 2054; x_wconf 91' lang='lat' dir='ltr'><strong>domini.</strong></span> <span class='ocrx_word' id='word_1_218' title='bbox 1107 2017 1196 2062; x_wconf 87' lang='lat' dir='ltr'><strong>Sed,</strong></span> <span class='ocrx_word' id='word_1_219' title='bbox 1220 2022 1261 2053; x_wconf 92' lang='lat' dir='ltr'><strong>ut</strong></span> <span class='ocrx_word' id='word_1_220' title='bbox 1281 2016 1331 2053; x_wconf 92' lang='lat' dir='ltr'><strong>ad</strong></span> <span class='ocrx_word' id='word_1_221' title='bbox 1356 2022 1394 2053; x_wconf 88' lang='lat' dir='ltr'><strong>te</strong></span> <span class='ocrx_word' id='word_1_222' title='bbox 1415 2014 1497 2052; x_wconf 90' lang='lat' dir='ltr'><strong>heri</strong></span> 
     </span>
     <span class='ocr_line' id='line_1_27' title="bbox 171 2079 1497 2129; baseline 0 -12"><span class='ocrx_word' id='word_1_223' title='bbox 171 2079 316 2129; x_wconf 90' lang='lat' dir='ltr'><strong>scripsi,</strong></span> <span class='ocrx_word' id='word_1_224' title='bbox 340 2080 607 2118; x_wconf 85' lang='lat' dir='ltr'><strong>considerabis</strong></span> <span class='ocrx_word' id='word_1_225' title='bbox 634 2080 752 2118; x_wconf 87' lang='lat' dir='ltr'><strong>etiam</strong></span> <span class='ocrx_word' id='word_1_226' title='bbox 777 2081 827 2118; x_wconf 91' lang='lat' dir='ltr'><strong>de</strong></span> <span class='ocrx_word' id='word_1_227' title='bbox 856 2082 1085 2119; x_wconf 87' lang='lat' dir='ltr'><strong>Tusculano</strong></span> <span class='ocrx_word' id='word_1_228' title='bbox 1110 2095 1159 2119; x_wconf 92' lang='lat' dir='ltr'><strong>ne</strong></span> <span class='ocrx_word' id='word_1_229' title='bbox 1185 2087 1312 2118; x_wconf 83' lang='lat' dir='ltr'><strong>aestas</strong></span> <span class='ocrx_word' id='word_1_230' title='bbox 1342 2080 1473 2118; x_wconf 86' lang='lat' dir='ltr'><strong>effluat</strong></span> <span class='ocrx_word' id='word_1_231' title='bbox 1487 2093 1497 2127; x_wconf 80' lang='lat'><em>3</em></span> 
     </span>
     <span class='ocr_line' id='line_1_28' title="bbox 171 2144 944 2194; baseline 0 -12"><span class='ocrx_word' id='word_1_232' title='bbox 171 2145 279 2194; x_wconf 82' lang='lat' dir='ltr'><strong>quod</strong></span> <span class='ocrx_word' id='word_1_233' title='bbox 300 2152 403 2183; x_wconf 89' lang='lat' dir='ltr'><strong>certe</strong></span> <span class='ocrx_word' id='word_1_234' title='bbox 423 2158 503 2183; x_wconf 86' lang='lat' dir='ltr'><strong>non</strong></span> <span class='ocrx_word' id='word_1_235' title='bbox 525 2152 583 2183; x_wconf 88' lang='lat' dir='ltr'><strong>est</strong></span> <span class='ocrx_word' id='word_1_236' title='bbox 603 2144 944 2183; x_wconf 86' lang='lat' dir='ltr'><strong>committendum.</strong></span> 
     </span>
    </p>
   </div>
   <div class='ocr_carea' id='block_1_6' title="bbox 171 2246 1498 2452">
    <p class='ocr_par' dir='ltr' id='par_1_10' title="bbox 171 2246 1498 2452">
     <span class='ocr_line' id='line_1_29' title="bbox 215 2246 1498 2285; baseline 0.002 -8"><span class='ocrx_word' id='word_1_237' title='bbox 215 2258 234 2285; x_wconf 84' lang='lat'><strong>4</strong></span> <span class='ocrx_word' id='word_1_238' title='bbox 260 2247 307 2277; x_wconf 92' lang='lat' dir='ltr'><strong>Id.</strong></span> <span class='ocrx_word' id='word_1_239' title='bbox 326 2246 461 2278; x_wconf 70' lang='lat' dir='ltr'><strong>addend.</strong></span> <span class='ocrx_word' id='word_1_240' title='bbox 480 2248 558 2278; x_wconf 85' lang='lat' dir='ltr'><strong>com&#39;.</strong></span> <span class='ocrx_word' id='word_1_241' title='bbox 573 2246 691 2278; x_wconf 80' lang='lat' dir='ltr'><strong>Lamb.</strong></span> <span class='ocrx_word' id='word_1_242' title='bbox 819 2257 856 2285; x_wconf 88' lang='lat'><strong>14</strong></span> <span class='ocrx_word' id='word_1_243' title='bbox 881 2248 968 2278; x_wconf 86' lang='lat' dir='ltr'><strong>scies</strong></span> <span class='ocrx_word' id='word_1_244' title='bbox 986 2252 1075 2278; x_wconf 89' lang='lat' dir='ltr'><strong>recte</strong></span> <span class='ocrx_word' id='word_1_245' title='bbox 1093 2247 1151 2277; x_wconf 89' lang='lat' dir='ltr'><strong>M:</strong></span> <span class='ocrx_word' id='word_1_246' title='bbox 1176 2248 1293 2279; x_wconf 86' lang='lat' dir='ltr'><strong>scribis</strong></span> <span class='ocrx_word' id='word_1_247' title='bbox 1311 2252 1402 2279; x_wconf 82' lang='lat' dir='ltr'><strong>recte</strong></span> <span class='ocrx_word' id='word_1_248' title='bbox 1420 2248 1498 2278; x_wconf 85' lang='lat' dir='ltr'><strong>mihi</strong></span> 
     </span>
     <span class='ocr_line' id='line_1_30' title="bbox 172 2285 1496 2331; baseline 0.002 -12"><span class='ocrx_word' id='word_1_249' title='bbox 172 2289 266 2320; x_wconf 57' lang='lat' dir='ltr'><strong>(mihi</strong></span> <span class='ocrx_word' id='word_1_250' title='bbox 289 2301 327 2320; x_wconf 80' lang='lat' dir='ltr'><strong>cx</strong></span> <span class='ocrx_word' id='word_1_251' title='bbox 352 2285 407 2329; x_wconf 61' lang='grc' dir='ltr'><strong>ΖΙ)</strong></span> <span class='ocrx_word' id='word_1_252' title='bbox 433 2290 518 2320; x_wconf 84' lang='lat' dir='ltr'><strong>Boot</strong></span> <span class='ocrx_word' id='word_1_253' title='bbox 541 2289 748 2320; x_wconf 78' lang='lat' dir='ltr'><strong>Lattmann:</strong></span> <span class='ocrx_word' id='word_1_254' title='bbox 779 2291 897 2321; x_wconf 85' lang='lat' dir='ltr'><strong>scribis</strong></span> <span class='ocrx_word' id='word_1_255' title='bbox 923 2291 986 2321; x_wconf 86' lang='lat' dir='ltr'><strong>reri</strong></span> <span class='ocrx_word' id='word_1_256' title='bbox 1013 2295 1044 2321; x_wconf 87' lang='lat' dir='ltr'><strong>te</strong></span> <span class='ocrx_word' id='word_1_257' title='bbox 1069 2292 1147 2321; x_wconf 83' lang='lat' dir='ltr'><strong>mihi</strong></span> <span class='ocrx_word' id='word_1_258' title='bbox 1171 2291 1264 2322; x_wconf 72' lang='lat' dir='ltr'><strong>Mem.</strong></span> <span class='ocrx_word' id='word_1_259' title='bbox 1284 2304 1291 2322; x_wconf 73' lang='grc' dir='ltr'>ς</span> <span class='ocrx_word' id='word_1_260' title='bbox 1320 2302 1394 2322; x_wconf 83' lang='lat' dir='ltr'><strong>rere</strong></span> <span class='ocrx_word' id='word_1_261' title='bbox 1418 2292 1496 2331; x_wconf 82' lang='lat' dir='ltr'><strong>(om.</strong></span> 
     </span>
     <span class='ocr_line' id='line_1_31' title="bbox 171 2333 1498 2375; baseline 0.001 -12"><span class='ocrx_word' id='word_1_262' title='bbox 171 2334 269 2366; x_wconf 50' lang='lat' dir='ltr'><strong>scies?¹</strong></span> <span class='ocrx_word' id='word_1_263' title='bbox 293 2333 433 2374; x_wconf 57' lang='lat' dir='ltr'><strong>Madarrjg</strong></span> <span class='ocrx_word' id='word_1_264' title='bbox 567 2344 602 2372; x_wconf 87' lang='lat'><strong>15</strong></span> <span class='ocrx_word' id='word_1_265' title='bbox 627 2334 828 2374; x_wconf 84' lang='lat' dir='ltr'><strong>cumidesse]</strong></span> <span class='ocrx_word' id='word_1_266' title='bbox 854 2338 965 2364; x_wconf 87' lang='lat' dir='ltr'><strong>tamen</strong></span> <span class='ocrx_word' id='word_1_267' title='bbox 986 2335 1017 2364; x_wconf 93' lang='lat' dir='ltr'><strong>id</strong></span> <span class='ocrx_word' id='word_1_268' title='bbox 1036 2339 1088 2365; x_wconf 85' lang='lat' dir='ltr'><strong>est</strong></span> <span class='ocrx_word' id='word_1_269' title='bbox 1114 2334 1321 2375; x_wconf 61' lang='lat' dir='ltr'><strong>Wesmbeaeg:</strong></span> <span class='ocrx_word' id='word_1_270' title='bbox 1350 2345 1448 2375; x_wconf 86' lang='lat' dir='ltr'>quam</span> <span class='ocrx_word' id='word_1_271' title='bbox 1466 2335 1498 2365; x_wconf 94' lang='lat' dir='ltr'><strong>id</strong></span> 
     </span>
     <span class='ocr_line' id='line_1_32' title="bbox 171 2376 1498 2419; baseline 0.002 -13"><span class='ocrx_word' id='word_1_272' title='bbox 171 2377 215 2406; x_wconf 81' lang='lat' dir='ltr'><strong>sit</strong></span> <span class='ocrx_word' id='word_1_273' title='bbox 238 2376 396 2417; x_wconf 59' lang='lat' dir='ltr'><strong>[Wadwgt</strong></span> <span class='ocrx_word' id='word_1_274' title='bbox 423 2378 505 2416; x_wconf 88' lang='lat' dir='ltr'><strong>quin</strong></span> <span class='ocrx_word' id='word_1_275' title='bbox 523 2377 553 2407; x_wconf 91' lang='lat' dir='ltr'><strong>id</strong></span> <span class='ocrx_word' id='word_1_276' title='bbox 572 2387 647 2407; x_wconf 85' lang='lat' dir='ltr'><strong>esse</strong></span> <span class='ocrx_word' id='word_1_277' title='bbox 664 2376 850 2408; x_wconf 79' lang='lat' dir='ltr'><strong>Lattmann</strong></span> <span class='ocrx_word' id='word_1_278' title='bbox 940 2378 992 2419; x_wconf 90' lang='lat' dir='ltr'><strong>ut]</strong></span> <span class='ocrx_word' id='word_1_279' title='bbox 1019 2383 1054 2409; x_wconf 86' lang='lat' dir='ltr'><strong>ut</strong></span> <span class='ocrx_word' id='word_1_280' title='bbox 1079 2383 1131 2409; x_wconf 88' lang='lat' dir='ltr'><strong>est</strong></span> <span class='ocrx_word' id='word_1_281' title='bbox 1165 2378 1307 2419; x_wconf 80' lang='lat' dir='ltr'><strong>Madvig</strong></span> <span class='ocrx_word' id='word_1_282' title='bbox 1457 2387 1498 2407; x_wconf 88' lang='lat'><strong>22</strong></span> 
     </span>
     <span class='ocr_line' id='line_1_33' title="bbox 172 2419 642 2452; baseline 0.002 -3"><span class='ocrx_word' id='word_1_283' title='bbox 172 2419 240 2450; x_wconf 84' lang='lat' dir='ltr'><strong>Sed</strong></span> <span class='ocrx_word' id='word_1_284' title='bbox 259 2423 282 2452; x_wconf 90' lang='grc' dir='ltr'>Σ</span> <span class='ocrx_word' id='word_1_285' title='bbox 300 2420 386 2451; x_wconf 77' lang='lat' dir='ltr'><strong>Crat.</strong></span> <span class='ocrx_word' id='word_1_286' title='bbox 404 2431 431 2451; x_wconf 82' lang='lat' dir='ltr'><strong>v.</strong></span> <span class='ocrx_word' id='word_1_287' title='bbox 453 2432 474 2452; x_wconf 90' lang='lat' dir='ltr'><strong>c.</strong></span> <span class='ocrx_word' id='word_1_288' title='bbox 496 2432 502 2451; x_wconf 93' lang='lat'><strong>:</strong></span> <span class='ocrx_word' id='word_1_289' title='bbox 527 2431 592 2451; x_wconf 83' lang='lat' dir='ltr'><strong>om.</strong></span> <span class='ocrx_word' id='word_1_290' title='bbox 613 2425 642 2451; x_wconf 89' lang='grc' dir='ltr'>Δ</span> 
     </span>
    </p>
   </div>
  </div>
 </body>
</html>
