1827 2798
571 158 682 194 EPP.
715 157 792 193 AD
823 155 1102 194 ATTICVM
1390 153 1509 190 XIII.
1529 151 1636 189 xxix

163 267 263 308 effici
300 281 425 319 posse.
498 269 622 306 Tecta
660 266 774 317 igitur
810 265 1145 305 ambulatiuncula
1182 264 1367 303 addenda
1404 271 1489 310 est;

162 347 281 383 quam
311 341 353 370 ut
384 340 533 370 tantam
564 332 752 370 faciamus
782 339 968 381 quantam
998 330 1038 368 in
1067 330 1295 368 Tusculano
1326 328 1489 367 fecimus

162 411 284 448 prope
314 397 480 435 dimidio
510 396 670 434 minoris
699 395 895 434 constabit
925 395 999 432 isto
1028 396 1127 432 loco.
1186 395 1250 432 Ad
1280 394 1320 432 id
1358 401 1490 432 autem

163 463 271 512 quod
304 463 484 500 volumus
519 462 707 511 ἀφίδρυμα
745 460 840 498 nihil
879 459 1006 508 aptius
1037 459 1190 497 videtur
1223 472 1341 508 quam
1381 460 1491 496 lucus

126 543 142 574 5
164 540 282 576 quem
311 540 384 576 ego
413 539 576 573 noram3
616 526 686 564 sed
715 523 982 562 celebritatem
1012 525 1158 560 nullam
1193 530 1276 561 tum
1308 523 1489 568 habebat,

110 868 148 890 10

164 605 269 630 nunc
289 591 409 630 audio
431 590 650 630 maximam.
710 589 818 627 Nihil
839 596 896 627 est
918 589 1025 638 quod
1050 601 1122 638 ego
1143 577 1286 625 malim'.
1348 589 1394 625 In
1416 588 1491 625 hoc

163 659 227 696 τὸν
258 657 377 705 τῦφόν
408 674 480 705 μου
512 657 603 705 πρὸς
634 656 724 694 θεῶν
756 655 1052 704 τροποφόρησον.
1113 652 1327 702 Reliquum
1358 660 1426 698 est,
1462 651 1491 690 Si

167 720 352 760 Faberius
373 720 487 759 nobis
518 734 664 758 nomen
694 720 790 758 illud
821 718 997 768 explicat,
1022 717 1101 756 noli
1123 731 1308 767 quaerere
1329 716 1493 766 quanti3

166 787 367 825 Othonem
388 785 520 824 vincas
541 787 642 823 volo.
702 786 788 822 Nec
810 791 941 822 tamen
963 782 1221 821 insaniturum
1243 782 1351 820 illum
1373 789 1494 831 puto;

167 864 282 889 nosse
311 851 416 889 enim
447 850 541 887 mihi
573 849 775 888 hominem
797 848 941 886 videor.
1002 849 1063 885 Ita
1092 849 1193 886 male
1218 854 1350 885 autem
1375 846 1494 884 audio

168 917 295 967 ipsum
316 929 401 954 esse
422 923 627 953 tractatum
649 922 692 952 ut
713 914 808 952 mihi
836 914 899 952 ille
926 921 1079 963 emptor
1098 926 1178 951 non
1200 926 1285 950 esse
1305 912 1492 950 videatur.

169 982 277 1031 Quid
298 981 433 1019 enim?
473 982 698 1030 pateretur?
755 981 832 1018 Sed
854 978 950 1028 quid
976 979 1257 1028 argumentor?
1314 977 1354 1015 Si
1377 977 1496 1014 Fabe-
1515 985 1540 1014 2
1565 982 1616 1023 (3)

169 1047 319 1084 rianum
353 1045 533 1095 explicas,
561 1058 738 1083 emamus
768 1045 828 1082 vel
863 1057 1031 1092 magno3
1070 1042 1102 1080 si
1126 1042 1266 1089 minus,
1298 1055 1347 1080 ne
1377 1053 1496 1090 parvo

169 1111 330 1161 quidem
364 1123 584 1160 possumus.
645 1108 827 1148 Clodiam
858 1107 981 1157 igitur.
1040 1109 1077 1144 A
1106 1120 1185 1156 qua
1215 1106 1299 1156 ipsa
1328 1106 1380 1144 ob
1410 1118 1497 1143 eam

133 1189 327 1223 5causam
365 1188 518 1224 sperare
555 1174 700 1220 videor,
742 1174 850 1223 quod
888 1179 927 1211 et
965 1173 1090 1210 multo
1132 1171 1293 1209 minoris
1331 1178 1421 1208 sunt
1459 1177 1498 1208 et

173 1241 402 1279 Dolabellae
439 1253 585 1278 nomen
625 1246 705 1277 tam
750 1237 977 1288 expeditum
1016 1237 1170 1276 videtur
1208 1244 1250 1274 ut
1289 1235 1406 1274 etiam
1445 1248 1499 1273 re-

170 1304 483 1356 praesentatione
503 1305 713 1343 confidam.
774 1305 835 1342 De
860 1303 981 1342 hortis
1008 1302 1111 1341 satis.
1171 1303 1267 1341 Cras
1287 1308 1354 1339 aut
1375 1308 1412 1338 te
1432 1307 1498 1337 aut

171 1384 355 1418 causam3
385 1383 503 1420 quam
533 1369 695 1420 quidem
715 1374 814 1419 pulo
840 1369 1009 1407 futuram
1036 1366 1303 1406 Faberianam.
1363 1366 1441 1404 Sed
1469 1364 1499 1402 si

172 1435 324 1486 poteris.

226 1499 428 1540 Ciceronis
455 1499 662 1550 epistulam
690 1498 760 1537 tibi
787 1498 927 1537 remisi.
987 1499 1023 1537 O
1045 1505 1082 1536 te
1109 1499 1276 1535 ferreum
1303 1495 1371 1546 qui
1397 1494 1499 1533 illius
1522 1498 1546 1536 3

172 1565 351 1616 periculis
385 1578 465 1603 non
504 1563 695 1603 moveris!
755 1565 823 1602 Me
857 1577 1017 1613 quoque
1050 1569 1219 1601 accusat.
1290 1563 1389 1599 Eam
1429 1560 1499 1598 tibi
1522 1542 1656 1584 “XXX'U

172 1630 379 1680 epistulam
400 1629 655 1671 †misissem†.
715 1630 819 1667 Nam
847 1628 952 1666 illam
981 1630 1143 1666 alteram
1171 1628 1221 1665 de
1248 1627 1363 1665 rebus
1384 1625 1501 1675 gestis

174 1697 314 1734 eodem
336 1696 516 1745 exemplo
537 1702 644 1745 puto.
690 1696 737 1732 In
752 1695 978 1733 Cumanum
999 1693 1119 1731 hodie
1140 1692 1227 1730 misi
1244 1691 1499 1730 tabellarium.

175 1760 222 1798 Ei
242 1760 335 1799 dedi
355 1768 441 1799 tuas
460 1762 512 1799 ad
531 1759 756 1799 Vestorium
778 1773 875 1810 quas
896 1758 1089 1797 Pharnaci
1109 1759 1285 1797 dederas.
1524 1758 1574 1800 (2)

144 1931 157 1946 Ἴ
219 1905 349 1940 XXX
415 1908 486 1942 Ser.
502 1909 537 1940 in
557 1909 744 1941 Tusculano
758 1914 833 1950 post
849 1914 895 1950 ep.
915 1909 1000 1940 xxxi
1012 1919 1031 1940 v
1048 1908 1091 1940 K.
1109 1907 1186 1939 Iun.
1205 1918 1235 1939 α.
1258 1916 1317 1947 709
1337 1906 1416 1947 (45).

584 1998 755 2029 CICERO
784 1997 966 2030 ATTICO
995 1996 1100 2030 SAL.

233 2086 502 2125 Commodum
531 2087 582 2124 ad
612 2094 649 2124 te
679 2086 859 2125 miseram
887 2089 1067 2125 Demean
1095 2098 1216 2135 quom
1239 2086 1337 2122 Eros
1364 2083 1414 2121 ad
1441 2096 1505 2121 me
1525 2091 1542 2118 1
1563 2084 1615 2127 (2)

179 2150 295 2188 venit.
355 2151 432 2189 Sed
461 2150 500 2188 in
531 2150 612 2189 eius
642 2150 808 2200 epistula
837 2151 933 2189 nihil
962 2158 1043 2189 erat
1069 2149 1161 2189 novi
1188 2148 1262 2187 nisi
1281 2148 1506 2187 auctionem

228 2263 241 2282 1
268 2252 335 2283 est*
354 2258 432 2283 sunt
450 2252 491 2282 Μ
505 2253 558 2293 (ex
572 2255 616 2292 st)
740 2255 778 2284 16
802 2258 866 2284 tam
886 2254 987 2285 Boot:
1013 2264 1090 2285 nam
1108 2253 1150 2283 M
1268 2254 1305 2283 18
1331 2257 1412 2292 puto
1429 2252 1505 2283 add.

185 2295 375 2336 ll'esenbcrg
472 2308 513 2327 20
537 2301 611 2327 ante
634 2297 808 2328 Ciceronis
833 2297 908 2328 add.
936 2298 977 2336 Q.
1003 2297 1180 2328 Lehmann
1279 2308 1316 2327 21
1344 2297 1509 2327 movearis

182 2341 259 2370 cani.
282 2340 471 2380 lif'esenbmg
645 2351 686 2370 22
711 2341 794 2379 <nisi
821 2347 899 2371 tuae
923 2341 1092 2372 simillima
1116 2340 1229 2383 esset)
1245 2345 1322 2372 ante
1342 2340 1508 2370 misissem

182 2384 231 2414 vel
243 2384 349 2413 simile
370 2384 450 2424 quid
468 2385 591 2424 supplet
612 2383 734 2415 Mc'iller
752 2396 759 2415 :
783 2385 857 2414 misi
883 2385 1058 2415 semissem
1082 2385 1196 2415 conieci
1283 2384 1382 2425 Nam]
1412 2384 1509 2416 Nunc

183 2426 306 2457 Scln'ilz
395 2428 451 2458 illa
468 2427 573 2459 altera
589 2452 596 2459 .
619 2452 626 2459 .
647 2453 653 2459 .
671 2432 751 2468 puta
770 2428 954 2459 Gronovius
