1827 2798
591 142 705 179 EPP.
736 141 813 178 AD
844 139 1101 178 ATTICVM
1416 139 1524 176 XVI.
1545 137 1621 174 xvi
1637 149 1659 175 Ε

183 253 343 291 confido
377 254 458 291 fore
488 260 529 290 ut
559 253 635 291 alio
665 265 806 302 genere
834 251 1046 290 litterarum
1077 258 1231 288 utamur
1259 248 1409 299 tibique
1438 262 1510 299 pro

184 325 252 355 tuo
287 331 443 355 summo
463 317 665 355 ‘beneficio
694 317 833 367 gratias
865 329 1036 365 agamus.
1101 316 1222 364 Quod
1252 314 1282 352 si
1311 314 1507 360 acciderit,

182 382 298 420 velim
329 382 383 420 sic
413 382 618 427 existimes,
648 395 726 418 non
757 381 827 419 tibi
854 389 933 418 tam
958 380 1133 418 Atticum
1162 379 1272 418 cuius
1299 392 1510 429 permagna

183 460 241 484 res
268 446 392 496 agitur
418 460 536 496 quam
565 460 627 484 me
654 446 721 496 qui
751 460 831 484 non
862 445 990 483 minus
1017 445 1153 483 laboro
1179 457 1298 494 quam
1326 443 1388 481 ille
1415 442 1510 481 obli-

144 526 160 555 5
182 519 314 561 gatum
339 512 431 549 fore.

823 664 863 701 F.

626 750 696 783 Scr.
710 752 813 792 paulo
825 755 902 792 post
914 757 960 792 ep.
981 752 1020 782 16
1039 749 1073 782 C.

563 826 739 858 CICERO
768 827 991 858 CAPITONI
1024 826 1121 858 SAL.

235 904 329 943 Non
359 903 498 943 dubito
528 904 623 954 quin
654 904 791 942 mirere
825 912 943 954 atque
977 904 1094 942 etiam
1128 903 1373 942 stomachere
1402 903 1511 953 quod
1530 914 1572 952 17

125 984 161 1006 10
182 976 312 1007 tecum
337 970 386 1007 de
414 970 552 1007 eadem
580 983 619 1007 re
645 982 757 1019 agam
785 969 949 1018 saepius.
1011 968 1198 1008 Hominis
1223 967 1510 1006 familiarissimi

181 1042 218 1071 et
247 1033 342 1071 mihi
369 1033 554 1071 omnibus
581 1034 696 1071 rebus
724 1033 1035 1071 coniunctissimi
1056 1046 1268 1082 permagna
1287 1045 1346 1070 res
1373 1032 1507 1081 agitur,

180 1097 310 1136 Attici.
371 1097 550 1146 Cognovi
574 1111 647 1147 ego
668 1106 735 1135 tua
761 1097 889 1135 studia
909 1097 948 1134 in
975 1097 1135 1143 amicos,
1158 1096 1275 1135 etiam
1297 1096 1335 1133 in
1357 1104 1394 1134 te
1417 1096 1511 1134 ami-

180 1175 325 1200 corum.
387 1163 559 1199 Multum
595 1169 706 1211 potes
742 1175 813 1199 nos
847 1162 954 1211 apud
986 1163 1175 1198 Plancum
1205 1160 1345 1198 iuvare.
1406 1161 1509 1199 Novi
1530 1162 1573 1199 18
1619 1162 1625 1167 ’

180 1226 463 1264 humanitatem
481 1233 613 1273 tuam;
643 1225 724 1263 scio
745 1239 863 1275 quam
885 1225 936 1263 sis
956 1224 1092 1263 amicis
1112 1225 1319 1262 iucundus.
1379 1226 1511 1263 Nemo

123 1307 158 1338 15
181 1304 251 1329 nos
278 1291 317 1328 in
344 1292 418 1328 hac
447 1304 565 1328 causa
594 1292 681 1340 plus
711 1290 842 1329 iuvare
868 1298 997 1340 potest
1027 1303 1145 1340 quam
1175 1297 1227 1328 tu.
1289 1292 1339 1328 Et
1369 1303 1427 1328 res
1458 1290 1510 1328 ita

179 1363 237 1394 est
257 1356 368 1393 firma
388 1362 429 1393 ut
450 1355 570 1393 debet
596 1369 695 1403 esse,
716 1368 834 1405 quam
863 1357 1044 1393 consules
1072 1356 1122 1393 de
1149 1355 1288 1393 consili
1314 1355 1509 1394 sententia

178 1422 434 1458 decreverunt
458 1433 547 1458 cum
575 1428 614 1458 et
641 1421 725 1470 lege
751 1427 790 1458 et
817 1428 975 1458 senatus
1004 1421 1186 1458 consulto
1212 1428 1505 1470 cognoscerent.

179 1486 332 1523 Tamen
364 1484 497 1523 omnia
535 1484 663 1535 posita
696 1492 879 1534 putamus
915 1484 954 1522 in
988 1484 1122 1523 Planci
1161 1484 1216 1522 tui
1255 1484 1509 1532 liberalitate;

180 1562 298 1598 quem
315 1549 475 1599 quidem
496 1549 728 1588 arbitramur
747 1563 837 1587 cum
859 1549 962 1587 offici
984 1549 1042 1587 sui
1063 1557 1100 1587 et
1121 1549 1174 1588 rei
1191 1549 1372 1599 publicae
1392 1563 1510 1588 causa

121 1631 161 1653 20
180 1615 380 1652 decretum
420 1616 628 1652 consulum
667 1615 1015 1664 comprobaturum
1053 1622 1136 1652 tum
1174 1614 1341 1652 libenter
1379 1622 1511 1653 nostra

179 1691 298 1716 causa
324 1692 408 1717 esse
436 1681 639 1717 facturum.
699 1679 917 1718 Adiuvabis
945 1679 1068 1730 igitur,
1097 1679 1149 1717 mi
1175 1679 1327 1730 Capito.
1388 1681 1510 1729 Quod

180 1751 221 1782 ut
242 1743 359 1783 facias
379 1751 418 1783 te
437 1745 690 1784 vehementer
709 1744 827 1782 etiarn
847 1752 965 1795 atque
985 1744 1102 1783 etiam
1124 1757 1228 1796 rogo.

674 1857 713 1879 12
736 1846 841 1878 Attici
856 1847 924 1879 secl.
945 1846 1031 1878 Boot
