1827 2798
602 158 714 194 EPP.
745 158 823 195 AD
853 157 1113 196 ATTICVM
1488 157 1560 194 XI.
1587 156 1664 192 viii

182 273 223 303 ut
245 265 360 304 huius
381 266 434 305 rei
455 281 572 306 causa
593 268 727 307 dedita
748 281 866 318 opera
887 268 1014 306 mittat
1033 268 1205 318 aliquem
1229 268 1386 306 Balbus.
1446 267 1511 305 Ad

182 344 282 379 quos
316 331 513 370 videbitur
551 332 666 371 velim
705 347 816 371 cures
856 333 1000 371 litteras
1040 346 1128 372 meo
1168 332 1338 371 nomine.
1398 333 1507 371 Vale.

184 406 259 432 xm
285 397 372 434 Kal.
398 397 480 435 Ian.

226 549 295 584 IX
484 553 553 585 Scr.
575 553 739 584 Brundisi
752 554 789 584 1ϊί
801 553 886 584 Non.
907 553 981 585 Ian.
1000 564 1029 585 a.
1055 563 1113 593 707
1130 554 1216 595 (47).

597 641 770 672 CICERO
795 640 965 671 ATTICO
991 640 1088 672 SAL.

241 726 326 774 Ego
347 737 439 762 vero
466 732 503 762 et
525 723 690 770 incaute,
711 732 752 762 ut
773 723 920 771 scribis,
939 731 976 762 et
998 723 1160 762 celerius
1191 738 1308 774 quam
1339 725 1512 775 oportuit
1534 736 1551 762 1

185 788 259 826 feci
298 801 371 826 nec
410 788 450 825 in
490 790 566 826 ulla
596 802 682 826 sum
715 802 784 838 spe
813 788 959 838 quippe
993 789 1060 838 qui
1099 789 1396 839 exceptionibus
1434 791 1514 829 edi-

186 860 337 891 ctorum
360 853 535 892 retinear.
597 855 710 901 Quae
737 853 768 891 si
796 867 876 891 non
903 862 1033 891 essent
1064 854 1271 893 sedulitate
1292 856 1454 894 effectae
1475 864 1512 894 et

186 917 477 956 †benivolentie
498 922 579 965 va†‚
598 917 730 956 liceret
760 918 855 956 mihi
885 918 991 956 abire
1019 918 1057 955 in
1089 918 1320 957 solitudines
1348 920 1509 970 aliquas.

189 984 305 1020 Nunc
327 997 376 1020 ne
397 982 437 1020 id
458 982 619 1032 quidem
642 983 741 1020 licet.
802 982 909 1031 Quid
930 991 1062 1020 autem
1084 997 1146 1021 me
1167 983 1271 1021 iuvat
1292 987 1400 1033 quod
1420 994 1512 1024 ante

187 1047 325 1084 initum
357 1047 597 1085 tribunatum
632 1047 732 1094 veni,
768 1047 799 1085 si
833 1047 960 1097 ipsum
992 1048 1099 1096 quod
1130 1048 1218 1085 veni
1248 1048 1344 1086 nihil
1379 1049 1512 1088 iuvat?

188 1113 273 1148 Iam
291 1111 387 1161 quid
407 1125 558 1161 sperem
580 1112 629 1149 ab
651 1125 698 1149 eo
719 1111 785 1160 qui
808 1111 903 1148 mihi
923 1111 1072 1149 amicus
1089 1125 1306 1161 numquam
1323 1113 1403 1159 fuit,
1421 1127 1511 1152 cum

187 1175 262 1213 iarn
294 1177 379 1225 lege
410 1175 526 1213 etiam
555 1175 626 1213 sim
658 1177 860 1213 confectus
887 1184 925 1213 et
954 1178 1192 1225 oppressus?
1249 1177 1406 1216 Cotidie
1435 1178 1512 1217 iam

190 1239 300 1277 Balbi
330 1241 380 1278 ad
410 1254 472 1278 me
499 1240 647 1278 litterae
672 1239 934 1289 languidiores
968 1241 1193 1289 multaeque
1223 1243 1435 1280 multorum
1461 1244 1513 1281 ad

149 1317 164 1346 5
186 1303 294 1341 illum
330 1306 492 1343 fortasse
526 1314 663 1343 contra
697 1318 769 1343 me.
842 1306 937 1342 Meo
971 1304 1064 1342 vitio
1103 1318 1245 1355 pereo;
1285 1306 1381 1344 nihil
1417 1307 1513 1346 mihi

186 1368 276 1406 mali
301 1383 413 1407 casus
439 1370 578 1416 attulit,
603 1369 736 1408 omnia
765 1371 880 1419 culpa
904 1377 1104 1407 contracta
1133 1377 1234 1408 sunt.
1295 1373 1379 1421 Ego
1406 1372 1511 1411 enim

184 1447 274 1471 cum
295 1447 417 1483 genus
442 1435 534 1473 belli
555 1435 738 1481 viderem,
762 1434 952 1484 imparata
976 1442 1014 1472 et
1040 1434 1194 1472 infirma
1217 1435 1350 1473 omnia
1376 1445 1512 1476 contra

185 1499 459 1548 paratissimos,
480 1508 690 1538 statueram
712 1499 808 1549 quid
829 1500 997 1537 facerem
1022 1512 1282 1549 ceperamque
1302 1501 1511 1540 consilium

184 1577 264 1601 non
297 1572 377 1602 tam
414 1566 513 1603 forte
545 1578 664 1614 quam
697 1564 793 1602 mihi
828 1572 980 1613 praeter
1010 1571 1160 1602 ceteros
1194 1567 1508 1604 concedendum.

185 1629 295 1668 Cessi
324 1629 420 1667 meis
448 1631 507 1667 vel
538 1630 668 1679 potius
698 1629 819 1679 parui.
879 1631 938 1666 Ex
968 1628 1111 1678 quibus
1141 1643 1242 1667 unus
1272 1643 1349 1679 qua
1378 1639 1510 1670 mente
1529 1639 1555 1667 2

183 1693 306 1741 fuerit,
341 1694 371 1732 is
404 1708 520 1744 quern
554 1703 595 1732 tu
631 1695 726 1732 mihi
761 1695 1030 1740 commendas,
1064 1707 1279 1744 cognosces
1310 1708 1356 1733 ex
1390 1695 1511 1745 ipsius

183 1758 316 1797 litteris
347 1773 447 1809 quae
476 1761 526 1798 ad
552 1768 588 1797 te
613 1768 651 1798 et
677 1761 727 1797 ad
752 1759 848 1797 alios
876 1758 990 1796 misit.
1052 1760 1160 1807 Quas
1191 1773 1262 1808 ego
1292 1773 1510 1810 numquam

180 1823 434 1872 aperuissem,
451 1824 523 1861 nisi
545 1837 604 1861 res
625 1832 712 1861 acta
733 1823 787 1861 sic.
808 1831 920 1862 esset.
984 1824 1148 1861 Delatus
1169 1831 1226 1861 est
1247 1824 1296 1861 ad
1319 1838 1381 1862 me
1402 1825 1511 1863 fasci-

181 1889 302 1926 culus.
362 1888 477 1935 Solvi,
502 1888 531 1926 si
562 1889 657 1938 quid
687 1890 737 1926 ad
768 1902 830 1926 me
861 1896 962 1926 esset
993 1888 1216 1926 litterarum.
1276 1888 1385 1926 Nihil
1415 1898 1510 1935 erat,

149 1967 158 1972 ·
182 1952 347 2001 epistula
380 1953 540 1991 Vatinio
571 1962 609 1991 et
645 1954 803 2003 Ligurio
832 1955 962 1992 altera.
1034 1953 1135 1991 Iussi
1169 1954 1219 1991 ad
1254 1967 1321 1991 eos
1356 1955 1506 1992 deferri.

183 2016 243 2053 Illi
273 2018 324 2054 ad
349 2031 412 2055 me
442 2018 571 2056 statim
599 2020 781 2056 ardentes
809 2020 945 2056 dolore
970 2027 1160 2057 venerunt
1182 2019 1307 2056 scelus
1337 2019 1508 2058 hominis

181 2082 423 2130 clamantes3
452 2082 636 2131 epistulas
668 2082 763 2119 mihi
793 2084 970 2132 legerunt
1000 2084 1135 2132 plenas
1167 2082 1344 2120 omnium
1375 2082 1414 2120 in
1446 2096 1508 2122 me

223 2195 243 2222 3
268 2194 331 2214 >1111
351 2184 521 2215 Schmidt:
547 2195 594 2214 ΧΠ
612 2184 809 2224 Stcrnkops:
834 2195 892 2215 xvr
912 2184 1014 2215 MW:
1041 2195 1076 2215 vr
1094 2186 1180 2225 vulg.
1328 2197 1349 2224 9
1373 2186 1508 2217 benivo-

180 2228 282 2258 lentie
310 2238 351 2257 ua
377 2228 454 2259 M1:
495 2228 745 2258 benivolentiae
769 2238 834 2266 qua
864 2228 926 2258 W:
965 2229 1191 2259 benivolentia
1224 2233 1279 2259 tua
1309 2227 1365 2257 M2
1393 2229 1506 2269 vulg:

181 2271 418 2301 benevolentia
434 2271 547 2301 Vatini
572 2271 761 2310 Slrrnkopf:
790 2272 870 2310 fort.
898 2272 1136 2302 benevolentia
1160 2283 1263 2311 prava
1289 2272 1354 2311 (vel
1377 2273 1506 2312 iniqua)

185 2325 221 2352 ¹3
247 2315 380 2344 Cotidie
397 2319 482 2345 vetat
507 2315 559 2344 die
578 2313 680 2344 MW:
710 2315 746 2344 ln
764 2315 836 2345 dies
852 2314 950 2345 Klotz
1127 2316 1164 2344 16
1188 2325 1285 2345 casus
1303 2315 1411 2346 Mum:
1438 2316 1503 2354 caS.

184 2358 248 2390 (126¹.
278 2358 392 2387 causa}
424 2356 483 2388 M:
517 2368 635 2387 causas
663 2356 736 2386 WZ
852 2368 926 2388 mea
955 2361 1030 2388 ante
1059 2358 1156 2397 culpa
1186 2358 1242 2387 dat
1271 2358 1335 2389 cod.
1367 2358 1510 2399 Longoli

180 2401 277 2438 culpa
297 2411 361 2431 om.
381 2400 426 2430 W
511 2403 549 2431 18
574 2406 755 2430 statueram
774 2400 932 2437 Madvtjq:
959 2402 1002 2432 sit
1019 2411 1131 2431 veram
1149 2400 1315 2433 M¹O¹W:
1342 2402 1505 2433 §civeram

146 2474 149 2476 .
180 2443 367 2474 M2O²ERs
497 2455 538 2482 24
564 2444 750 2475 litterarum
767 2449 858 2476 esset
879 2443 925 2474 W
