1827 2798
133 891 172 913 10

131 1540 170 1561 20

129 2245 169 2276 30

583 185 696 223 EPP.
727 186 805 222 AD
834 185 1092 224 ATTICVM
1487 186 1534 223 X.
1558 185 1602 223 ix
1626 198 1649 223 A

193 294 444 334 cunctatione
464 303 502 334 te
523 296 684 335 subisse.
744 298 782 334 N
786 310 862 335 unc
889 304 926 335 te
949 305 1084 335 contra
1104 296 1290 335 victorem
1313 297 1522 336 Caesarem

192 361 329 406 facere,
353 373 470 409 quem
491 360 622 398 dubiis
642 361 758 399 rebus
782 362 935 399 laedere
962 361 1130 408 noluisti,
1153 369 1191 399 et
1211 363 1261 400 ad
1282 374 1349 400 eos
1371 363 1522 411 fugatos

191 425 389 470 accedere,
420 437 519 474 quos
543 424 755 463 resistentis
782 425 892 475 sequi
922 425 1102 472 nolueris,
1132 439 1308 464 summae
1338 425 1523 464 stultitiae

192 497 259 527 est.
319 488 422 527 Vide
443 503 503 536 ne,
526 491 620 527 dum
643 491 765 539 pudet
791 498 830 528 te
854 503 989 540 parum
1015 490 1244 540 optimatem
1266 504 1361 538 esse,
1384 504 1520 540 parum

191 553 397 603 diligenter
427 554 522 603 quid
555 554 748 604 optimum
783 554 830 592 sit
864 554 992 604 eligas.
1063 556 1183 603 Quod
1222 555 1252 592 si
1292 563 1418 593 totum
1451 555 1520 592 tibi
1541 559 1566 596 3

190 619 424 668 persuadere
462 633 543 657 non
582 633 754 669 possum,
788 621 936 666 saltem,
967 621 1061 657 dum
1097 619 1192 669 quid
1231 621 1280 658 de
1318 619 1520 669 Hispaniis

190 696 350 732 agamus
371 683 499 730 scitur,
523 692 704 734 exspecta
722 699 730 731 ;
764 697 860 734 quas
885 684 954 722 tibi
984 684 1123 723 nuntio
1149 685 1320 722 adventu
1343 683 1520 723 Caesaris

190 748 272 785 sore
303 756 464 786 nostras.
525 749 656 797 Quam
688 748 749 786 isti
783 762 892 798 spem
925 749 1094 786 habeant
1127 748 1279 786 amissis
1316 748 1519 798 Hispaniis

190 812 351 859 nesci03
380 814 487 862 quod
509 826 623 862 porro
648 821 758 851 tuum
786 813 991 851 consilium
1022 813 1068 851 sit
1092 814 1141 851 ad
1166 814 1392 863 desperatos
1412 826 1519 852 acce-

190 877 282 915 dere
304 891 383 915 non
405 878 557 915 medius
576 878 692 916 fidius
713 877 872 927 reperio.

247 943 338 980 Hoc
355 944 463 992 quod
485 952 525 980 tu
546 956 626 980 non
643 942 814 981 dicendo
831 942 925 980 mihi
947 943 1169 992 significasti
1187 944 1329 982 Caesar
1344 943 1518 982 audierat
1538 950 1564 986 4

189 1020 246 1053 ac,
269 1007 384 1044 simul
411 1016 528 1056 atque
559 1009 699 1045 ‘have'
727 1007 821 1044 mihi
849 1007 955 1053 dixit,
979 1007 1108 1045 statim
1135 1007 1230 1056 quid
1256 1009 1305 1045 de
1329 1016 1367 1046 te
1393 1008 1520 1046 audis-

190 1080 248 1110 set
278 1072 465 1121 exposuit.
525 1071 674 1121 Negavi
705 1085 768 1109 me
802 1071 909 1117 scire,
937 1073 1006 1110 sed
1036 1080 1168 1110 tamen
1196 1072 1247 1109 ab
1277 1085 1324 1110 eo
1354 1072 1446 1121 petii
1478 1081 1519 1110 ut

190 1138 240 1174 ad
262 1145 298 1174 te
320 1137 464 1174 litteras
486 1135 664 1182 mitteret,
688 1135 830 1184 quibus
852 1135 1020 1173 maxime
1039 1136 1090 1173 ad
1110 1137 1394 1174 remanendum
1416 1149 1520 1174 com—

153 1201 336 1246 :moveri
366 1214 511 1250 posses.
571 1202 640 1238 Me
670 1214 803 1238 secum
833 1200 872 1237 in
896 1200 1129 1250 Hispaniam
1151 1199 1287 1247 ducit3
1323 1213 1414 1237 nam
1446 1200 1518 1238 nisi

189 1266 242 1304 ita
272 1268 424 1313 faceret,
455 1279 538 1316 ego,
565 1265 670 1315 prius
697 1278 815 1314 quam
842 1266 892 1303 ad
917 1265 1053 1303 urbem
1080 1266 1321 1311 accederem,
1345 1265 1520 1303 ubicum-

189 1345 266 1381 que
288 1345 402 1378 esses,
425 1332 476 1369 ad
496 1338 534 1369 te
554 1330 879 1381 percucurrissem
901 1337 939 1368 et
959 1331 1035 1367 hoc
1055 1343 1077 1367 a
1099 1337 1136 1367 te
1156 1343 1339 1379 praesens
1360 1338 1519 1368 conten-

188 1396 332 1435 dissem
362 1404 481 1446 atque
510 1395 619 1434 omni
639 1395 676 1433 vi
705 1403 742 1433 te
771 1394 1027 1432 retinuissem.
1089 1394 1217 1431 Etiam
1244 1402 1362 1443 atque
1386 1394 1514 1442 etiam,
1537 1404 1561 1442 5

189 1461 340 1508 Cicero,
364 1461 490 1511 cogita
519 1474 568 1499 ne
593 1468 630 1498 te
657 1467 824 1509 tuosque
853 1458 982 1496 omnis
1011 1458 1186 1496 funditus
1214 1466 1373 1505 evertas,
1400 1473 1449 1497 ne
1479 1467 1517 1498 te

189 1526 315 1564 sciens
345 1528 597 1576 prudensque
627 1538 674 1563 eo
704 1523 887 1563 demittas
917 1524 1023 1562 unde
1054 1523 1199 1561 exitum
1227 1523 1336 1562 vides
1366 1526 1516 1562 nullum

188 1604 282 1629 esse.
343 1592 464 1639 Quod
485 1590 515 1629 si
537 1598 574 1628 te
587 1598 653 1628 aut
672 1602 789 1627 voces
810 1588 1057 1638 optimatium
1079 1596 1330 1627 commovent
1351 1596 1416 1626 aut
1438 1602 1518 1627 non

187 1657 383 1694 nullorum
418 1655 624 1694 hominum
662 1653 911 1692 insolentiam
943 1661 981 1691 et
1013 1652 1264 1691 iactationem
1303 1654 1399 1691 ferre
1438 1667 1516 1691 non

186 1729 309 1771 poteS‚
333 1721 451 1770 eligas
476 1733 618 1758 censeo
642 1719 803 1768 aliquod
832 1717 1023 1768 oppidum
1043 1731 1209 1755 vacuum
1237 1731 1260 1755 a
1284 1717 1398 1764 bello,
1422 1719 1517 1756 dum

188 1787 285 1824 haec
301 1787 588 1832 decernuntur3
615 1798 716 1834 quae
738 1783 814 1821 iam
836 1790 948 1821 erunt
969 1784 1158 1821 confecta.
1207 1784 1254 1821 Id
1271 1782 1301 1820 si
1318 1782 1463 1828 feceris,
1481 1791 1518 1821 et

156 1862 166 1868 '
188 1864 261 1901 ego
281 1859 319 1889 te
339 1850 533 1901 sapienter
552 1849 689 1888 fecisse
710 1847 895 1886 iudicabo
916 1855 953 1885 et
970 1848 1178 1886 Caesarem
1200 1860 1280 1885 non
1301 1848 1488 1886 offendes.

231 1950 274 1985 X
469 1952 537 1984 Ser.
557 1954 590 1983 in
610 1952 762 1983 Cumano
778 1962 797 1982 v
814 1951 900 1982 Nou.
920 1950 1002 1982 Mai.
1021 1961 1049 1982 a.
1073 1961 1126 1990 705
1148 1951 1233 1991 ss49).

607 2028 781 2059 CICERO
806 2027 978 2058 ATTICO
1004 2027 1101 2057 SAL.

242 2104 311 2140 Me
343 2114 503 2139 caecum
543 2099 609 2149 qui
647 2101 745 2137 haec
783 2106 873 2136 ante
907 2112 987 2135 non
1018 2097 1207 2136 viderim!
1266 2098 1358 2135 Misi
1397 2100 1446 2136 ad
1479 2106 1516 2136 te
1537 2111 1553 2137 1

187 2166 393 2216 epistulam
415 2164 574 2203 Antoni.
635 2163 680 2201 Ei
703 2176 793 2201 cum
814 2176 886 2212 ego
913 2162 1138 2212 saepissime
1159 2162 1397 2212 scripsissem
1420 2162 1515 2200 nihil

187 2245 250 2270 me
280 2238 415 2269 contra
436 2228 612 2268 Caesaris
639 2227 806 2266 rationes
836 2226 1016 2276 cogitare,
1039 2226 1263 2264 meminisse
1293 2240 1355 2264 me
1383 2227 1514 2276 generi

234 2345 246 2364 1
274 2334 452 2364 Caesarem
472 2332 577 2371 onus
656 2342 677 2370 9
701 2331 789 2370 quod
798 2331 837 2369 f:
863 2331 942 2369 quid
961 2330 1048 2360 codd.
1145 2341 1183 2369 13
1209 2331 1318 2370 sedf:
1343 2341 1407 2360 om.
1424 2330 1512 2362 codd.

190 2379 319 2418 petiis:
346 2377 448 2416 petivi
468 2376 507 2405 ΛΜ
631 2385 667 2414 17
694 2374 976 2414 percucurrissem
998 2373 1115 2403 (Μ’-ἐι
1142 2375 1416 2413 pervicurrissem
1436 2373 1489 2402 M¹
1507 2386 1513 2404 :

189 2413 431 2460 percurrissem
447 2419 577 2458 ORPJ
659 2429 699 2456 24
723 2418 886 2448 confecta.
933 2418 969 2447 Id
987 2418 1015 2447 si
1034 2417 1152 2448 seceris
1170 2416 1275 2448 codd.:
1301 2417 1521 2457 confeceris]

189 2475 232 2504 29
256 2465 459 2503 aequissime
478 2462 637 2502 Madvig:
660 2461 865 2501 amplissime
882 2460 964 2491 Reid
1374 2502 1428 2534 ³3*
