1827 2798
121 518 139 549 (Π

105 911 141 933 10

107 1555 144 1575 20

570 137 682 174 ΕΡΡ.
714 136 792 173 AD
822 135 1082 174 ATTICVM
1376 133 1463 170 XV.
1487 133 1531 169 iii

159 248 230 286 tire
260 246 389 285 video.
452 248 529 285 Sed
567 260 704 297 parum
744 246 927 296 intellego
961 245 1056 295 quid
1094 258 1157 283 me
1188 243 1282 282 velis
1316 242 1483 281 scribere

159 311 270 361 quasi
308 325 332 350 a
370 312 492 349 Bruto
535 311 669 349 habita
712 311 899 358 oratione,
933 324 1023 349 cum
1062 309 1125 347 ille
1164 307 1339 347 ediderit.
1404 306 1482 355 Qui

158 377 319 414 tandem
359 375 576 413 convenit?
622 389 673 413 an
714 375 768 414 sic
809 383 850 413 ut
891 375 930 413 in
968 383 1176 424 tyrannum
1214 373 1295 411 iure
1333 372 1484 422 optimo

159 441 347 479 caesum?
395 441 524 478 Multa
544 440 734 487 dicentur,
757 442 880 478 multa
900 440 1116 478 scribentur
1135 452 1158 476 a
1179 438 1294 476 nobis
1318 438 1387 475 sed
1407 436 1485 474 alio

159 505 281 542 modo
310 512 348 543 et
377 511 564 554 tempore.
628 506 689 542 De
719 506 814 543 sella
843 504 1018 543 Caesaris
1049 504 1150 542 bene
1179 502 1323 541 tribuni
1339 516 1347 548 3
1381 515 1486 552 prae-

159 571 283 608 claros
304 569 421 607 etiarn
444 581 517 606 X1v
541 569 723 608 ordines!
773 572 937 608 Brutum
957 570 1064 620 apud
1089 582 1151 606 me
1175 567 1293 606 fuisse
1317 568 1483 617 gaudeo,

160 635 281 672 modo
301 641 340 673 et
359 634 527 672 libenter
546 633 661 672 fuerit
681 642 719 672 et
739 642 797 672 sat
817 634 896 672 diu.

202 741 268 775 IV
453 744 521 775 Ser.
544 745 576 775 in
594 744 756 784 Arpinati
770 745 802 774 ix
818 744 861 774 K.
880 744 956 775 Iun.
973 754 1003 775 a.
1023 754 1080 783 710
1099 742 1184 784 (44).

567 820 737 851 CICERO
767 820 946 851 ATTICO
974 819 1081 851 SAL.

215 905 258 930 ΙΧ
290 894 340 930 K.
374 894 428 930 H.
462 904 490 929 X
525 892 604 930 fere
632 905 655 930 a
685 893 734 940 Q.
768 892 880 929 Fufio
909 891 1015 928 venit
1047 890 1280 928 tabellarius.
1340 888 1487 927 Nescio

160 958 257 1008 quid
295 958 346 995 ab
385 971 433 995 eo
471 957 738 1003 litterularum,
772 955 827 994 uti
867 969 929 993 me
968 955 1041 993 sibi
1079 955 1348 1001 restituerem;
1394 967 1488 991 sane

161 1023 317 1069 insulse,
348 1030 389 1059 ut
420 1023 530 1068 solet,
559 1021 633 1059 nisi
663 1023 770 1067 forte,
801 1033 902 1069 quae
940 1033 1020 1057 non
1052 1032 1159 1057 ames
1194 1018 1328 1056 omnia
1357 1018 1488 1055 viden-

161 1097 222 1124 tur
253 1086 400 1124 insulse
432 1085 525 1123 fieri.
595 1085 739 1134 Scripsi
772 1084 826 1122 ita
859 1092 902 1121 ut
936 1091 974 1121 te
1005 1083 1261 1133 probaturum
1295 1082 1485 1120 existimo.

164 1151 265 1189 Mihi
286 1152 383 1189 duas
403 1164 426 1188 a
447 1158 484 1188 te
505 1149 689 1199 epistulas
711 1148 892 1195 reddidit,
916 1161 1035 1185 unam
1063 1159 1118 1193 ΧΙ,
1141 1149 1300 1185 alteram
1326 1159 1367 1184 Χ.
1425 1148 1488 1184 Ad

124 1233 140 1262 5
162 1215 419 1254 recentiorem
448 1214 554 1264 prius
575 1217 642 1253 †et
662 1213 881 1252 leniorem†
902 1213 1021 1250 laudo
1037 1226 1046 1259 3
1080 1211 1111 1250 si
1138 1225 1229 1249 vero
1259 1211 1376 1249 etiam
1400 1212 1489 1250 Car-

161 1280 329 1325 fulenus,
353 1278 447 1315 ίἅνω
474 1275 668 1326 ποταμῶν.’
727 1275 879 1313 Antoni
903 1274 1066 1313 consilia
1095 1287 1226 1312 narras
1252 1274 1486 1312 turbulenta.

162 1345 294 1392 Atque
315 1342 464 1379 utinam
492 1341 623 1391 potius
644 1354 712 1390 per
732 1342 923 1390 populum
950 1348 1037 1389 agat
1058 1352 1177 1388 quam
1198 1352 1266 1388 per
1286 1346 1464 1376 senatum
1484 1341 1489 1375 ἕ

163 1409 271 1457 quod
302 1406 464 1456 quidem
496 1406 549 1444 ita
580 1407 711 1443 credo.
775 1406 853 1443 Sed
887 1404 983 1442 mihi
1013 1412 1140 1442 totum
1172 1403 1254 1441 eius
1282 1402 1490 1441 consilium

161 1473 213 1510 ad
243 1472 390 1510 bellum
422 1478 597 1520 spectare
627 1469 791 1517 videtur,
815 1469 846 1507 si
876 1469 1037 1519 quidem
1066 1470 1117 1507 D.
1141 1471 1262 1506 Bruto
1291 1467 1491 1517 provincia

163 1537 331 1588 eripitur.
393 1538 567 1586 Quoquo
595 1537 716 1574 modo
743 1549 816 1585 ego
841 1537 890 1574 de
914 1535 1016 1573 illius
1043 1535 1169 1573 nervis
1197 1534 1386 1580 existimo,
1410 1548 1489 1571 non

163 1604 316 1643 videtur
349 1603 431 1642 fieri
465 1617 580 1653 posse
619 1603 702 1641 sine
737 1603 852 1640 bello.
917 1604 994 1640 Sed
1028 1616 1109 1640 non
1143 1602 1270 1651 cupio,
1303 1600 1489 1651 quoniam

163 1677 320 1707 cavetur
347 1668 573 1706 Buthrotiis.
635 1667 787 1706 Rides?
822 1671 922 1717 “raps
952 1668 1177 1705 condoleo†
1199 1680 1280 1704 non
1310 1680 1397 1704 mea
1426 1679 1490 1715 po-

164 1734 239 1772 tius
268 1733 516 1779 adsiduitate,
543 1732 754 1782 diligentia,
783 1732 905 1782 gratia
933 1731 1080 1781 perfici.
1139 1732 1259 1779 Quod
1288 1730 1424 1768 scribis
1454 1739 1492 1768 te

164 1800 313 1839 nescire
347 1800 443 1850 quid
481 1799 623 1838 nostris
661 1798 887 1836 faciendum
927 1797 988 1845 sit,
1019 1797 1096 1835 iam
1135 1797 1286 1847 pridem
1326 1809 1389 1834 me
1428 1796 1492 1833 illa

165 1866 298 1914 ἀπορία
327 1864 519 1902 sollicitat.
582 1865 721 1913 Itaque
752 1865 869 1901 stulta
898 1862 974 1901 iam
1003 1864 1148 1900 Iduum
1174 1861 1403 1899 Martiarum
1435 1869 1492 1898 est

164 1929 395 1968 consolatio.
452 1928 606 1967 Animis
627 1928 732 1966 enim
753 1927 812 1966 usi
834 1941 969 1966 sumus
989 1927 1173 1973 virilibus,
1196 1926 1379 1973 consiliis,
1396 1926 1492 1962 mihi

210 2043 229 2061 2
252 2032 398 2062 habitam
413 2032 599 2061 orationem
613 2031 795 2062 Gronovius
956 2040 974 2068 5
1001 2030 1172 2069 praeclare
1187 2028 1317 2066 Jordan
1456 2038 1494 2058 10

167 2086 202 2106 lx
221 2075 339 2106 Ruete:
366 2086 387 2104 Χ
406 2074 492 2106 codd.
585 2074 628 2105 H.
650 2075 681 2104 11¹.
696 2085 720 2104 c.
747 2073 843 2105 haral
867 2085 887 2103 Χ
906 2073 1084 2103 Biiclzclcr:
1114 2073 1159 2101 iix
1182 2071 1269 2101 codd.
1292 2083 1297 2101 :
1331 2072 1413 2101 hora
1437 2072 1492 2101 viii

166 2120 253 2157 vulg.
391 2129 427 2148 12
453 2129 538 2157 quae
558 2118 699 2147 Rosius:
724 2127 822 2155 quern
848 2116 934 2146 codd.
959 2129 964 2146 :
989 2127 1088 2155 quom
1111 2115 1197 2145 Reid
1291 2119 1366 2144 ante
1382 2115 1494 2144 omnia

167 2162 244 2192 add.
265 2162 306 2192 ab
323 2172 363 2191 eo
387 2160 572 2200 ll'esenberg
678 2171 715 2198 13
741 2160 916 2199 Rescripsi
941 2159 1129 2199 Wesenberg
1261 2169 1297 2196 14
1323 2162 1397 2188 ante
1414 2158 1492 2187 mihi

167 2205 241 2235 add.
264 2205 356 2236 Idem
374 2201 411 2234 Z²
496 2208 573 2244 post
594 2215 616 2233 x
640 2204 715 2234 add.
744 2204 851 2233 datam
882 2202 1070 2242 ll'cscnbmg
1193 2212 1229 2240 15
1255 2207 1288 2232 et
1306 2202 1492 2240 pleniorem

170 2248 271 2278 Orelli
287 2261 293 2278 :
333 2249 373 2278 de
391 2249 525 2286 legione
543 2247 586 2278 M.
607 2247 640 2277 (1.
657 2258 679 2277 e.
702 2247 843 2277 fllartt'al
861 2246 941 2276 coni.
962 2246 1065 2278 Boot:
1096 2249 1170 2275 ante
1187 2245 1285 2274 laudo
1303 2244 1493 2274 addendum

168 2292 404 2330 Egnatuleium
422 2292 500 2321 com'.
520 2290 603 2320 Reid
616 2291 684 2321 coll.
702 2289 793 2321 Plzil.
812 2291 855 2320 iii.
879 2301 906 2328 7,
926 2301 968 2328 39
1141 2290 1178 2318 18
1205 2289 1292 2327 quod
1312 2288 1366 2317 M2
1380 2288 1466 2328 vulg.
1485 2299 1491 2316 :

167 2338 218 2365 cui
240 2331 362 2364 M¹CZ³
511 2345 550 2364 22
578 2334 706 2365 Rides?
732 2338 783 2363 ast
803 2333 968 2363 condoleo
983 2333 1059 2363 Vz'cl.
1076 2344 1081 2363 :
1109 2333 1238 2362 Rides?
1263 2337 1295 2362 at
1313 2342 1376 2370 ego
1394 2332 1493 2361 doleo

166 2377 194 2408 L
221 2378 382 2418 (matg.):
409 2379 449 2408 ab
472 2379 535 2408 isto
563 2379 615 2411 (sc.
633 2377 797 2417 Antonio)
823 2382 936 2407 tamen
962 2376 1060 2407 doleo
1085 2375 1190 2406 Reid:
1219 2375 1327 2406 Rides
1349 2375 1493 2405 Ἀττικόν

168 2422 230 2460 <vel
243 2420 387 2461 ἀστικόν)
406 2432 414 2460 ;
440 2421 537 2452 doleo
555 2420 695 2462 Madmjg
