1827 2798
574 152 688 190 EPP.
718 152 797 189 AD
826 150 1085 189 ATTICVM
1400 147 1472 185 XI.
1494 156 1588 184 xxv

217 264 336 302 Illum
365 262 592 302 discessisse
611 261 850 301 Alexandria
878 275 1010 300 rumor
1029 267 1088 300 est
1116 274 1198 299 non
1218 260 1352 298 firmus
1381 265 1488 298 ortus
1507 267 1532 295 2

162 341 209 366 ex
229 327 377 378 Sulpici
405 327 540 366 litteris
555 342 566 376 3
595 341 692 378 quas
719 327 852 365 cuncti
878 333 1016 377 postea
1042 325 1167 364 nuntii
1195 325 1485 364 confirmarunt.

163 393 285 441 Quod
323 406 457 431 verum
489 406 539 431 an
570 394 711 430 falsum
745 391 805 439 sit,
839 390 1027 442 quoniam
1062 404 1150 429 mea
1180 389 1277 428 nihil
1315 389 1489 437 interest,

162 465 291 496 utrum
314 457 447 496 malim
467 457 612 496 nescio.

125 533 143 566 5
217 523 339 571 Quod
359 523 409 560 ad
430 529 467 561 te
488 522 565 560 iam
586 521 738 572 pridem
760 522 810 559 de
831 526 1066 559 testamento
1094 518 1242 569 scripsi,
1262 520 1368 570 apud
1388 517 1490 569 †epi-
1509 522 1533 560 3

162 588 282 625 stulas
313 586 430 625 velim
461 594 503 624 ut
531 586 679 636 possim
709 586 928 624 adversas.†
986 586 1071 634 Ego
1105 584 1221 622 huius
1252 583 1491 623 miserrimae

163 640 393 690 †facultate†
411 651 612 689 confectus
629 649 843 688 conflictor.
885 648 995 687 Nihil
1008 662 1197 700 umquam
1214 649 1339 687 simile
1354 657 1491 687 natum

164 723 271 766 puto.
331 715 437 764 Quoi
459 714 490 752 si
511 727 589 764 qua
612 728 652 752 re
676 716 882 752 consulere
902 713 1051 763 aliquid
1077 726 1252 764 possum,
1273 713 1390 764 cupio
1410 727 1433 751 a
1453 720 1491 752 te

165 779 380 818 admoneri.
438 779 569 817 Video
595 780 764 818 eandem
789 792 874 817 esse
897 778 1168 817 difficultatem
1189 792 1308 828 quam
1334 778 1375 816 in
1401 792 1492 817 con-

108 856 147 880 10
167 844 253 882 silio
287 845 421 882 dando
454 852 557 882 ante.
615 846 769 882 Tamen
805 845 881 885 hoc
912 857 975 882 me
1006 843 1127 894 magis
1158 843 1339 882 sollicitat
1372 856 1491 893 quam

166 909 308 947 onmia.
370 910 417 946 In
438 908 628 959 pensione
650 910 824 947 secunda
844 907 950 946 caeci
971 907 1126 946 fuimus.
1169 907 1290 946 Aliud
1311 910 1493 956 mallem3

165 975 235 1012 sed
264 974 470 1024 praeteriit.
528 976 588 1013 Te
622 987 702 1021 oro,
731 981 774 1012 ut
803 973 843 1011 in
872 972 1032 1023 perditis
1062 973 1178 1011 rebus
1208 972 1238 1010 si
1268 972 1364 1022 quid
1393 972 1492 1023 cogi,

165 1037 307 1076 confici
328 1046 457 1088 potest
478 1039 585 1088 quod
614 1038 662 1076 sit
682 1038 722 1075 in
749 1045 845 1084 tuto,
869 1051 915 1076 ex
934 1044 1095 1087 argento
1121 1044 1239 1086 atque
1260 1036 1351 1074 satis
1372 1039 1496 1075 multa

165 1116 212 1141 ex
232 1103 482 1153 supellectile,
506 1103 575 1141 des
596 1115 768 1153 operam.
828 1103 913 1140 Iam
935 1101 1041 1140 enim
1062 1100 1158 1138 mihi
1178 1100 1331 1139 videtur
1355 1102 1495 1140 adesse

128 1183 143 1212 5
165 1175 382 1206 extremum
420 1181 494 1205 nec
528 1169 607 1205 ulla
637 1169 719 1206 fore
750 1166 935 1205 condicio
967 1164 1074 1215 pacis
1106 1178 1231 1215 eaque
1270 1178 1370 1215 quae
1403 1172 1495 1204 sunt

165 1232 282 1270 etiam
312 1232 396 1271 sine
424 1231 646 1271 adversario
675 1231 854 1281 peritura.
917 1232 1032 1269 Haec
1064 1229 1193 1278 etiam,
1225 1229 1256 1268 si
1285 1230 1492 1279 videbitur,

165 1311 256 1336 cum
277 1297 462 1336 Terentia
481 1299 642 1347 loquere
658 1304 891 1347 opportune.
934 1297 1027 1334 Non
1045 1308 1148 1345 queo
1164 1294 1297 1333 omnia
1313 1294 1491 1335 scribere.

165 1364 274 1401 Vale.
334 1374 381 1400 111
403 1363 507 1401 Non.
532 1361 696 1411 Quintil.

210 1475 230 1504 4
255 1465 371 1496 nescio
395 1467 479 1495 velt:
505 1464 574 1495 scio
602 1463 690 1495 codd.
795 1473 814 1502 5
838 1463 928 1503 apud
954 1461 1106 1494 εὕπιστόν
1132 1462 1205 1502 (lzoc
1225 1473 1263 1493 ex
1285 1463 1399 1505 Bosz'o)
1424 1475 1495 1495 τινα

167 1509 265 1540 velim
291 1513 325 1538 ut
350 1508 456 1548 possit
480 1508 651 1538 adservari
675 1508 751 1538 coni.
769 1507 862 1541 Boot.
884 1507 949 1537 coll.
972 1517 1024 1546 24.
1046 1517 1086 1538 2:
1117 1508 1208 1546 apud
1224 1508 1380 1538 Vestales
1396 1507 1494 1539 velim

168 1552 353 1592 depositum
379 1551 549 1581 adservari
567 1551 783 1591 Slzztckbm‘glz
809 1551 876 1581 coll.
896 1550 982 1582 Suel.
998 1550 1091 1590 Aug.
1109 1560 1166 1580 101
1183 1562 1189 1580 :
1222 1552 1309 1590 apud
1332 1551 1495 1591 ἐπισφαλῆ

170 1597 224 1631 (sc.
246 1595 336 1625 cuius
357 1594 453 1625 lmud
470 1599 559 1624 extra
576 1596 758 1634 pem'culum
784 1594 884 1624 liuius
907 1594 979 1624 belli
983 1594 1127 1633 fortuna
1144 1598 1189 1624 est
1202 1605 1253 1632 24.
1272 1595 1303 1629 Ι)
1321 1605 1442 1625 vereor
1459 1599 1495 1625 ut

168 1640 278 1679 possit
300 1638 468 1668 adservari
484 1638 562 1669 coni.
585 1637 704 1678 sywell
808 1648 824 1676 7
844 1638 994 1668 fatuitate
1011 1637 1131 1670 Rom:
1157 1638 1352 1668 infelicitate
1373 1637 1496 1669 Orelli:

167 1682 325 1712 facilitate
342 1681 445 1711 Reid:
472 1681 632 1711 facultate
649 1681 802 1711 confecta
819 1681 972 1711 Schmidt
1127 1691 1161 1712 11
1188 1681 1278 1712 aliud
1295 1681 1474 1711 Ascensins
1489 1692 1496 1712 :

168 1726 266 1756 alium
286 1725 354 1755 CM
525 1734 563 1763 13
587 1729 687 1763 atque
704 1724 848 1754 Sclzzitz:
873 1729 973 1764 teque
992 1724 1052 1754 M:
1077 1735 1188 1763 neque
1209 1724 1283 1756 Vict.
1456 1734 1494 1763 17

169 1769 305 1807 loquere
321 1768 520 1798 Ascensius:
555 1769 694 1807 loquere
722 1772 757 1797 tu
783 1769 827 1798 ita
848 1768 886 1797 M
911 1772 947 1797 nl
969 1771 1106 1798 testatur
1123 1767 1281 1808 Sclnazz'dt,
1302 1768 1361 1808 qui
1374 1772 1436 1808 pro
1459 1772 1495 1798 tu

170 1812 278 1843 conicit
293 1811 422 1842 utinam
439 1822 446 1841 2
469 1811 666 1851 loqueretur
681 1809 723 1840 M
737 1811 828 1852 (leste
842 1810 988 1851 Baitero)

216 2482 278 2505 cic.
298 2482 345 2504 AD
360 2482 433 2504 Αττ.
1366 2467 1409 2500 :26
