1827 2798
617 625 785 663 LIBER
818 626 1068 665 DECIMYS

599 745 700 791 AD
746 746 1081 794 ATTICVM

217 876 241 910 I
331 878 400 910 Ser.
418 879 452 909 in
469 878 596 910 Laterio
614 878 731 918 Quinti
735 879 858 918 finiris
874 880 910 909 1‘1'1'
923 879 1009 910 Non.
1031 880 1115 920 Apta
1134 891 1163 911 a.
1187 890 1241 920 705
1261 879 1345 921 (49).

591 965 764 996 CICERO
789 966 961 997 ATTICO
988 968 1084 998 SAL.

231 1056 275 1081 111
298 1045 435 1082 Nonas
451 1056 541 1081 curn
563 1043 603 1080 in
620 1043 818 1080 Laterium
840 1043 962 1081 fratris
978 1044 1183 1091 venissem,
1198 1044 1333 1094 accepi
1354 1044 1497 1082 litteras
1517 1055 1533 1080 1

177 1115 263 1146 tuas
292 1118 330 1147 et
359 1110 519 1158 paulurn
550 1107 742 1157 respiravi,
775 1110 883 1157 quod
916 1117 1004 1158 post
1034 1110 1102 1146 has
1133 1109 1262 1146 ruinas
1292 1109 1388 1146 mihi
1417 1123 1497 1147 non

138 1187 155 1218 5
176 1174 381 1212 acciderat.
432 1175 506 1211 Per
525 1173 630 1211 enim
652 1173 782 1222 magni
803 1173 968 1211 aestimo
985 1173 1053 1211 tibi
1077 1173 1357 1211 firmitudinem
1378 1173 1497 1211 animi

175 1239 297 1278 nostri
324 1247 362 1277 et
383 1240 529 1276 factum
550 1246 726 1276 nostrum
748 1238 913 1288 probari.
973 1240 1089 1276 Sexto
1110 1238 1215 1276 enim
1237 1247 1370 1277 nostro
1390 1240 1497 1288 quod

175 1303 311 1342 scribis
331 1303 497 1353 probari,
521 1302 574 1340 ita
594 1305 715 1341 laetor
736 1311 777 1340 ut
799 1317 861 1341 me
882 1303 992 1352 quasi
1014 1303 1131 1352 patris
1152 1303 1245 1349 eius,
1261 1303 1323 1341 cui
1345 1317 1498 1352 semper

174 1368 241 1406 uni
262 1368 474 1418 plurimum
496 1367 622 1413 tribui,
646 1367 793 1406 iudicio
813 1367 1060 1417 comprobari
1082 1376 1227 1417 putem.
1288 1367 1367 1416 Qui
1389 1367 1498 1414 mihi,

174 1434 282 1482 quod
304 1448 421 1484 saepe
442 1435 550 1472 soleo
572 1433 775 1479 recordari,
795 1433 891 1470 dixit
911 1433 1004 1470 olim
1028 1433 1155 1471 Nonis
1176 1433 1249 1470 illis
1273 1432 1499 1471 Decembri-

117 1511 155 1533 ιο
174 1498 258 1545 bus,
282 1513 372 1537 cum
394 1513 467 1549 ego
491 1501 636 1545 ‘Sexte‚
661 1498 851 1548 quidnam
872 1499 1012 1547 ergo?⁷

253 1582 319 1630 Μὴ
338 1583 413 1632 μάν
433 1581 560 1632 inquit
581 1581 644 1619 ille
665 1581 829 1619 ἀσπουδί
844 1598 887 1633 ’γε
908 1581 967 1617 καὶ
987 1583 1140 1620 ἀκλειῶς
1162 1578 1417 1632 [ἀπολοίμην],

253 1650 356 1685 ἀλλὰ
375 1649 471 1700 μέγα
491 1649 597 1697 ῥέξας
616 1665 649 1685 τι
671 1648 729 1684 καὶ
750 1647 989 1696 ἐσσομένοισι
1009 1646 1205 1683 πυθέσθαι.

175 1729 268 1767 Eius
300 1729 414 1780 igitur
448 1730 543 1768 mihi
577 1729 669 1767 vivit
703 1729 912 1768 auctoritas
951 1735 989 1766 et
1023 1727 1242 1765 simillimus
1280 1727 1362 1766 eius
1396 1728 1497 1766 filius

172 1796 313 1833 eodem
334 1803 392 1833 est
420 1797 526 1845 apud
557 1810 619 1834 me
646 1796 821 1845 pondere
849 1808 927 1843 quo
955 1793 1026 1831 fuit
1055 1793 1128 1830 ille.
1190 1794 1319 1841 Quem
1351 1795 1496 1831 salvere

116 1872 151 1903 15
172 1859 286 1897 velim
311 1859 446 1898 iubeas
471 1860 692 1910 plurimum.

225 1926 287 1962 Tu
304 1933 414 1962 tuum
435 1925 643 1963 consilium
664 1925 736 1963 etsi
757 1939 837 1963 non
858 1925 897 1962 in
918 1924 1177 1973 longinquum
1195 1932 1347 1972 tempus
1364 1922 1493 1961 differs
1512 1936 1536 1962 2

172 1988 265 2038 (iam
286 1989 391 2027 enirn
413 1990 522 2027 illum
544 1998 719 2039 emptum
742 1989 1030 2039 pacificatorem
1060 2002 1259 2038 perorasse
1287 1996 1393 2037 puto,
1417 1987 1492 2025 iam

170 2061 302 2091 actum
329 2055 478 2104 aliquid
505 2068 590 2093 esse
619 2054 659 2092 in
690 2067 876 2092 consessu
907 2062 1156 2092 senatorum:
1189 2059 1361 2089 semztztm
1389 2052 1492 2090 enim

170 2131 251 2156 non
272 2119 396 2169 puto),
420 2126 552 2158 tamen
573 2133 807 2168 suspensum
829 2120 1000 2156 am‘mum
1022 2132 1153 2156 meum
1175 2117 1338 2163 detines,
1357 2118 1427 2155 sed
1447 2130 1495 2155 eo

212 2233 232 2259 4
257 2226 331 2252 tuas
349 2221 422 2252 add.
442 2221 628 2262 lVesenberg
709 2225 785 2262 post
801 2221 934 2260 paulum
955 2220 1029 2251 add.
1047 2220 1143 2250 lectis
1156 2220 1242 2251 Crat.
1259 2215 1302 2249 Zp,
1317 2220 1342 2249 L
1357 2221 1494 2259 (marg.)

172 2276 206 2296 11
233 2264 412 2304 ἀπολοίμην
430 2264 504 2295 add.
524 2265 752 2295 [Ascensiusz
787 2275 853 2294 0111.
872 2264 979 2293 MRP
1082 2265 1120 2293 18
1144 2269 1299 2293 senatum
1318 2263 1406 2293 enim
1426 2273 1494 2292 non

171 2309 346 2341 Graevius:
374 2319 441 2339 non
459 2309 548 2338 enim
566 2308 654 2339 codd.
774 2319 811 2346 19
835 2309 981 2338 animum
1000 2318 1108 2337 meum
1127 2308 1259 2337 detines
1275 2307 1350 2336 comss
1369 2306 1494 2336 Wesen-

169 2352 262 2392 berg:
296 2363 405 2382 meum
435 2352 620 2391 deti(e)nes
651 2351 738 2382 codd.
759 2363 765 2382 :
798 2362 850 2382 me
878 2352 956 2381 inde
985 2356 1082 2381 tenes
1108 2350 1246 2382 Rosius:
1281 2360 1332 2380 me
1361 2350 1494 2380 detines

168 2395 209 2426 I:
236 2406 346 2426 meum
363 2395 411 2427 ad
424 2396 600 2426 consilium
619 2396 653 2436 (l.
676 2396 728 2436 16)
749 2394 950 2434 nstv-endum
969 2398 1068 2424 censet
1084 2393 1169 2423 Reid
