<?xml version="1.0" encoding="UTF-8"?>
<!DOCTYPE html PUBLIC "-//W3C//DTD XHTML 1.0 Transitional//EN"
    "http://www.w3.org/TR/xhtml1/DTD/xhtml1-transitional.dtd">
<html xmlns="http://www.w3.org/1999/xhtml" xml:lang="en" lang="en">
 <head>
  <title>
</title>
<meta http-equiv="Content-Type" content="text/html;charset=utf-8" />
  <meta name='ocr-system' content='tesseract 3.04.00' />
  <meta name='ocr-capabilities' content='ocr_page ocr_carea ocr_par ocr_line ocrx_word'/>
</head>
<body>
  <div class='ocr_page' id='page_1' title='image "./epistulaerecogno0202ciceuoft_0097.png"; bbox 0 0 1827 2798; ppageno 0'>
   <div class='ocr_carea' id='block_1_1' title="bbox 596 171 1614 210">
    <p class='ocr_par' dir='ltr' id='par_1_1' title="bbox 596 171 1614 210">
     <span class='ocr_line' id='line_1_1' title="bbox 596 171 1614 210; baseline 0.003 -3"><span class='ocrx_word' id='word_1_1' title='bbox 596 171 708 208; x_wconf 87' lang='lat' dir='ltr'><strong>EPP.</strong></span> <span class='ocrx_word' id='word_1_2' title='bbox 740 171 817 208; x_wconf 83' lang='lat' dir='ltr'>AD</span> <span class='ocrx_word' id='word_1_3' title='bbox 846 171 1105 210; x_wconf 82' lang='lat' dir='ltr'><strong>ATTICVM</strong></span> <span class='ocrx_word' id='word_1_4' title='bbox 1458 173 1530 210; x_wconf 85' lang='lat' dir='ltr'>XI.</span> <span class='ocrx_word' id='word_1_5' title='bbox 1553 173 1614 210; x_wconf 86' lang='lat' dir='ltr'>vii</span> 
     </span>
    </p>
   </div>
   <div class='ocr_carea' id='block_1_2' title="bbox 155 279 1570 1819">
    <p class='ocr_par' dir='ltr' id='par_1_2' title="bbox 155 279 1562 719">
     <span class='ocr_line' id='line_1_2' title="bbox 194 279 1562 332; baseline 0.002 -14"><span class='ocrx_word' id='word_1_6' title='bbox 194 279 339 331; x_wconf 80' lang='lat' dir='ltr'>Sulpici</span> <span class='ocrx_word' id='word_1_7' title='bbox 368 288 500 319; x_wconf 87' lang='lat' dir='ltr'>autem</span> <span class='ocrx_word' id='word_1_8' title='bbox 532 281 737 319; x_wconf 88' lang='lat' dir='ltr'>consilium</span> <span class='ocrx_word' id='word_1_9' title='bbox 767 295 846 320; x_wconf 90' lang='lat' dir='ltr'>non</span> <span class='ocrx_word' id='word_1_10' title='bbox 872 282 1055 332; x_wconf 80' lang='lat' dir='ltr'>scripsisti</span> <span class='ocrx_word' id='word_1_11' title='bbox 1086 296 1154 321; x_wconf 90' lang='lat' dir='ltr'>cur</span> <span class='ocrx_word' id='word_1_12' title='bbox 1184 296 1272 321; x_wconf 89' lang='lat' dir='ltr'>meo</span> <span class='ocrx_word' id='word_1_13' title='bbox 1303 296 1381 321; x_wconf 92' lang='lat' dir='ltr'>non</span> <span class='ocrx_word' id='word_1_14' title='bbox 1412 291 1517 322; x_wconf 87' lang='lat' dir='ltr'>ante-</span> <span class='ocrx_word' id='word_1_15' title='bbox 1536 295 1562 331; x_wconf 93' lang='lat'>4</span> 
     </span>
     <span class='ocr_line' id='line_1_3' title="bbox 194 346 1516 397; baseline 0.003 -15"><span class='ocrx_word' id='word_1_16' title='bbox 194 359 369 394; x_wconf 82' lang='lat' dir='ltr'>poneres.</span> <span class='ocrx_word' id='word_1_17' title='bbox 430 346 550 394; x_wconf 86' lang='lat' dir='ltr'>Quod</span> <span class='ocrx_word' id='word_1_18' title='bbox 577 346 648 384; x_wconf 76' lang='lat' dir='ltr'>etsi</span> <span class='ocrx_word' id='word_1_19' title='bbox 676 359 756 384; x_wconf 91' lang='lat' dir='ltr'>non</span> <span class='ocrx_word' id='word_1_20' title='bbox 784 354 862 384; x_wconf 89' lang='lat' dir='ltr'>tam</span> <span class='ocrx_word' id='word_1_21' title='bbox 889 346 1100 396; x_wconf 86' lang='lat' dir='ltr'>gloriosum</span> <span class='ocrx_word' id='word_1_22' title='bbox 1123 356 1179 386; x_wconf 87' lang='lat' dir='ltr'>est</span> <span class='ocrx_word' id='word_1_23' title='bbox 1201 361 1318 397; x_wconf 83' lang='lat' dir='ltr'>quam</span> <span class='ocrx_word' id='word_1_24' title='bbox 1342 348 1516 395; x_wconf 88' lang='lat' dir='ltr'>Catonis,</span> 
     </span>
     <span class='ocr_line' id='line_1_4' title="bbox 193 411 1519 461; baseline 0.002 -13"><span class='ocrx_word' id='word_1_25' title='bbox 193 419 324 448; x_wconf 90' lang='lat' dir='ltr'>tamen</span> <span class='ocrx_word' id='word_1_26' title='bbox 356 418 394 448; x_wconf 93' lang='lat' dir='ltr'>et</span> <span class='ocrx_word' id='word_1_27' title='bbox 428 411 602 461; x_wconf 86' lang='lat' dir='ltr'>periculo</span> <span class='ocrx_word' id='word_1_28' title='bbox 633 425 800 449; x_wconf 86' lang='lat' dir='ltr'>vacuum</span> <span class='ocrx_word' id='word_1_29' title='bbox 833 419 890 449; x_wconf 84' lang='lat' dir='ltr'>est</span> <span class='ocrx_word' id='word_1_30' title='bbox 922 419 959 449; x_wconf 92' lang='lat' dir='ltr'>et</span> <span class='ocrx_word' id='word_1_31' title='bbox 994 413 1140 450; x_wconf 89' lang='lat' dir='ltr'>dolore.</span> <span class='ocrx_word' id='word_1_32' title='bbox 1203 415 1430 451; x_wconf 73' lang='lat' dir='ltr'>Extremum</span> <span class='ocrx_word' id='word_1_33' title='bbox 1461 421 1519 451; x_wconf 84' lang='lat' dir='ltr'>est</span> 
     </span>
     <span class='ocr_line' id='line_1_5' title="bbox 193 475 1519 527; baseline 0.002 -14"><span class='ocrx_word' id='word_1_34' title='bbox 193 489 328 513; x_wconf 88' lang='lat' dir='ltr'>eorum</span> <span class='ocrx_word' id='word_1_35' title='bbox 359 475 425 524; x_wconf 86' lang='lat' dir='ltr'>qui</span> <span class='ocrx_word' id='word_1_36' title='bbox 456 475 495 513; x_wconf 92' lang='lat' dir='ltr'>in</span> <span class='ocrx_word' id='word_1_37' title='bbox 526 476 676 514; x_wconf 81' lang='lat' dir='ltr'>Achaia</span> <span class='ocrx_word' id='word_1_38' title='bbox 706 484 806 513; x_wconf 90' lang='lat' dir='ltr'>sunt.</span> <span class='ocrx_word' id='word_1_39' title='bbox 867 476 898 513; x_wconf 89' lang='lat' dir='ltr'>Ii</span> <span class='ocrx_word' id='word_1_40' title='bbox 932 484 1063 514; x_wconf 90' lang='lat' dir='ltr'>tamen</span> <span class='ocrx_word' id='word_1_41' title='bbox 1094 476 1167 527; x_wconf 88' lang='lat' dir='ltr'>ipsi</span> <span class='ocrx_word' id='word_1_42' title='bbox 1199 491 1240 516; x_wconf 85' lang='lat' dir='ltr'>se</span> <span class='ocrx_word' id='word_1_43' title='bbox 1275 480 1350 516; x_wconf 89' lang='lat' dir='ltr'>hoc</span> <span class='ocrx_word' id='word_1_44' title='bbox 1381 478 1519 517; x_wconf 87' lang='lat' dir='ltr'>melius</span> 
     </span>
     <span class='ocr_line' id='line_1_6' title="bbox 155 540 1518 590; baseline 0.003 -13"><span class='ocrx_word' id='word_1_45' title='bbox 155 554 170 584; x_wconf 75' lang='lat'>5</span> <span class='ocrx_word' id='word_1_46' title='bbox 194 540 340 578; x_wconf 84' lang='lat' dir='ltr'>babent</span> <span class='ocrx_word' id='word_1_47' title='bbox 362 554 479 589; x_wconf 85' lang='lat' dir='ltr'>quam</span> <span class='ocrx_word' id='word_1_48' title='bbox 511 554 582 578; x_wconf 89' lang='lat' dir='ltr'>nos</span> <span class='ocrx_word' id='word_1_49' title='bbox 612 541 720 590; x_wconf 85' lang='lat' dir='ltr'>quod</span> <span class='ocrx_word' id='word_1_50' title='bbox 745 548 782 578; x_wconf 88' lang='lat' dir='ltr'>et</span> <span class='ocrx_word' id='word_1_51' title='bbox 810 540 922 578; x_wconf 91' lang='lat' dir='ltr'>multi</span> <span class='ocrx_word' id='word_1_52' title='bbox 949 549 1039 578; x_wconf 90' lang='lat' dir='ltr'>sunt</span> <span class='ocrx_word' id='word_1_53' title='bbox 1066 555 1146 579; x_wconf 88' lang='lat' dir='ltr'>uno</span> <span class='ocrx_word' id='word_1_54' title='bbox 1173 542 1212 579; x_wconf 88' lang='lat' dir='ltr'>in</span> <span class='ocrx_word' id='word_1_55' title='bbox 1237 544 1325 580; x_wconf 86' lang='lat' dir='ltr'>loco</span> <span class='ocrx_word' id='word_1_56' title='bbox 1353 551 1402 589; x_wconf 83' lang='lat' dir='ltr'>et,</span> <span class='ocrx_word' id='word_1_57' title='bbox 1428 557 1518 581; x_wconf 89' lang='lat' dir='ltr'>cum</span> 
     </span>
     <span class='ocr_line' id='line_1_7' title="bbox 193 604 1519 651; baseline 0.003 -10"><span class='ocrx_word' id='word_1_58' title='bbox 193 605 233 641; x_wconf 81' lang='lat' dir='ltr'>in</span> <span class='ocrx_word' id='word_1_59' title='bbox 283 604 437 642; x_wconf 87' lang='lat' dir='ltr'>Italiam</span> <span class='ocrx_word' id='word_1_60' title='bbox 476 604 663 651; x_wconf 89' lang='lat' dir='ltr'>venerint,</span> <span class='ocrx_word' id='word_1_61' title='bbox 704 605 868 642; x_wconf 90' lang='lat' dir='ltr'>domum</span> <span class='ocrx_word' id='word_1_62' title='bbox 908 604 1037 642; x_wconf 82' lang='lat' dir='ltr'>statim</span> <span class='ocrx_word' id='word_1_63' title='bbox 1076 605 1263 644; x_wconf 77' lang='lat' dir='ltr'>venerint.</span> <span class='ocrx_word' id='word_1_64' title='bbox 1326 609 1439 645; x_wconf 86' lang='lat' dir='ltr'>Haec</span> <span class='ocrx_word' id='word_1_65' title='bbox 1479 615 1519 645; x_wconf 88' lang='lat' dir='ltr'>tu</span> 
     </span>
     <span class='ocr_line' id='line_1_8' title="bbox 194 668 1363 719; baseline 0.001 -12"><span class='ocrx_word' id='word_1_66' title='bbox 194 682 322 718; x_wconf 87' lang='lat' dir='ltr'>perge,</span> <span class='ocrx_word' id='word_1_67' title='bbox 352 677 394 706; x_wconf 87' lang='lat' dir='ltr'>ut</span> <span class='ocrx_word' id='word_1_68' title='bbox 424 668 529 715; x_wconf 85' lang='lat' dir='ltr'>facis,</span> <span class='ocrx_word' id='word_1_69' title='bbox 561 668 737 718; x_wconf 87' lang='lat' dir='ltr'>mitigare</span> <span class='ocrx_word' id='word_1_70' title='bbox 766 676 804 706; x_wconf 92' lang='lat' dir='ltr'>et</span> <span class='ocrx_word' id='word_1_71' title='bbox 833 669 999 718; x_wconf 87' lang='lat' dir='ltr'>probare</span> <span class='ocrx_word' id='word_1_72' title='bbox 1028 682 1146 718; x_wconf 86' lang='lat' dir='ltr'>quam</span> <span class='ocrx_word' id='word_1_73' title='bbox 1177 670 1363 719; x_wconf 78' lang='lat' dir='ltr'>plurimis.</span> 
     </span>
    </p>

    <p class='ocr_par' dir='ltr' id='par_1_3' title="bbox 193 735 1563 1170">
     <span class='ocr_line' id='line_1_9' title="bbox 247 735 1563 783; baseline 0.002 -12"><span class='ocrx_word' id='word_1_74' title='bbox 247 735 369 782; x_wconf 85' lang='lat' dir='ltr'>Quod</span> <span class='ocrx_word' id='word_1_75' title='bbox 397 742 434 771; x_wconf 88' lang='lat' dir='ltr'>te</span> <span class='ocrx_word' id='word_1_76' title='bbox 462 746 634 779; x_wconf 81' lang='lat' dir='ltr'>excusas,</span> <span class='ocrx_word' id='word_1_77' title='bbox 658 747 731 783; x_wconf 90' lang='lat' dir='ltr'>ego</span> <span class='ocrx_word' id='word_1_78' title='bbox 757 747 848 771; x_wconf 92' lang='lat' dir='ltr'>vero</span> <span class='ocrx_word' id='word_1_79' title='bbox 873 741 910 771; x_wconf 91' lang='lat' dir='ltr'>et</span> <span class='ocrx_word' id='word_1_80' title='bbox 934 741 1020 772; x_wconf 86' lang='lat' dir='ltr'>tuas</span> <span class='ocrx_word' id='word_1_81' title='bbox 1050 748 1187 772; x_wconf 79' lang='lat' dir='ltr'>causas</span> <span class='ocrx_word' id='word_1_82' title='bbox 1217 749 1340 773; x_wconf 85' lang='lat' dir='ltr'>nosco</span> <span class='ocrx_word' id='word_1_83' title='bbox 1367 744 1404 774; x_wconf 87' lang='lat' dir='ltr'>et</span> <span class='ocrx_word' id='word_1_84' title='bbox 1433 750 1519 774; x_wconf 89' lang='lat' dir='ltr'>mea</span> <span class='ocrx_word' id='word_1_85' title='bbox 1540 744 1563 782; x_wconf 88' lang='lat'>5</span> 
     </span>
     <span class='ocr_line' id='line_1_10' title="bbox 194 797 1520 850; baseline 0.002 -14"><span class='ocrx_word' id='word_1_86' title='bbox 194 798 379 836; x_wconf 80' lang='lat' dir='ltr'>interesse</span> <span class='ocrx_word' id='word_1_87' title='bbox 399 806 495 848; x_wconf 91' lang='lat' dir='ltr'>puto</span> <span class='ocrx_word' id='word_1_88' title='bbox 522 806 560 836; x_wconf 89' lang='lat' dir='ltr'>te</span> <span class='ocrx_word' id='word_1_89' title='bbox 584 797 669 835; x_wconf 82' lang='lat' dir='ltr'>istic</span> <span class='ocrx_word' id='word_1_90' title='bbox 696 811 781 836; x_wconf 89' lang='lat' dir='ltr'>esse</span> <span class='ocrx_word' id='word_1_91' title='bbox 807 799 867 836; x_wconf 82' lang='lat' dir='ltr'>vel</span> <span class='ocrx_word' id='word_1_92' title='bbox 894 806 937 836; x_wconf 92' lang='lat' dir='ltr'>ut</span> <span class='ocrx_word' id='word_1_93' title='bbox 966 812 1056 836; x_wconf 90' lang='lat' dir='ltr'>cum</span> <span class='ocrx_word' id='word_1_94' title='bbox 1087 798 1131 836; x_wconf 92' lang='lat' dir='ltr'>iis</span> <span class='ocrx_word' id='word_1_95' title='bbox 1157 799 1299 849; x_wconf 85' lang='lat' dir='ltr'>quibus</span> <span class='ocrx_word' id='word_1_96' title='bbox 1324 800 1520 850; x_wconf 79' lang='lat' dir='ltr'>oportebit</span> 
     </span>
     <span class='ocr_line' id='line_1_11' title="bbox 193 863 1520 914; baseline 0.002 -14"><span class='ocrx_word' id='word_1_97' title='bbox 193 876 284 911; x_wconf 87' lang='lat' dir='ltr'>agas</span> <span class='ocrx_word' id='word_1_98' title='bbox 315 876 416 911; x_wconf 81' lang='lat' dir='ltr'>quae</span> <span class='ocrx_word' id='word_1_99' title='bbox 446 870 557 900; x_wconf 91' lang='lat' dir='ltr'>erunt</span> <span class='ocrx_word' id='word_1_100' title='bbox 587 863 740 912; x_wconf 84' lang='lat' dir='ltr'>agenda</span> <span class='ocrx_word' id='word_1_101' title='bbox 767 863 817 900; x_wconf 81' lang='lat' dir='ltr'>de</span> <span class='ocrx_word' id='word_1_102' title='bbox 848 863 976 910; x_wconf 82' lang='lat' dir='ltr'>nobis,</span> <span class='ocrx_word' id='word_1_103' title='bbox 1006 871 1048 901; x_wconf 87' lang='lat' dir='ltr'>ut</span> <span class='ocrx_word' id='word_1_104' title='bbox 1080 877 1125 901; x_wconf 82' lang='lat' dir='ltr'>ea</span> <span class='ocrx_word' id='word_1_105' title='bbox 1158 878 1257 913; x_wconf 85' lang='lat' dir='ltr'>quae</span> <span class='ocrx_word' id='word_1_106' title='bbox 1290 864 1411 914; x_wconf 81' lang='lat' dir='ltr'>egisti.</span> <span class='ocrx_word' id='word_1_107' title='bbox 1473 867 1520 902; x_wconf 92' lang='lat' dir='ltr'>In</span> 
     </span>
     <span class='ocr_line' id='line_1_12' title="bbox 195 926 1522 976; baseline 0.002 -12"><span class='ocrx_word' id='word_1_108' title='bbox 195 926 407 976; x_wconf 82' lang='lat' dir='ltr'>primisque</span> <span class='ocrx_word' id='word_1_109' title='bbox 437 927 514 964; x_wconf 90' lang='lat' dir='ltr'>hoc</span> <span class='ocrx_word' id='word_1_110' title='bbox 543 926 659 964; x_wconf 89' lang='lat' dir='ltr'>velim</span> <span class='ocrx_word' id='word_1_111' title='bbox 693 926 991 965; x_wconf 79' lang='lat' dir='ltr'>animadvertas.</span> <span class='ocrx_word' id='word_1_112' title='bbox 1054 929 1204 966; x_wconf 88' lang='lat' dir='ltr'>Multos</span> <span class='ocrx_word' id='word_1_113' title='bbox 1240 942 1323 967; x_wconf 86' lang='lat' dir='ltr'>esse</span> <span class='ocrx_word' id='word_1_114' title='bbox 1357 929 1522 967; x_wconf 80' lang='lat' dir='ltr'>arbitror</span> 
     </span>
     <span class='ocr_line' id='line_1_13' title="bbox 194 991 1520 1043; baseline 0.003 -15"><span class='ocrx_word' id='word_1_115' title='bbox 194 991 261 1040; x_wconf 73' lang='lat' dir='ltr'>qui</span> <span class='ocrx_word' id='word_1_116' title='bbox 281 992 331 1029; x_wconf 89' lang='lat' dir='ltr'>ad</span> <span class='ocrx_word' id='word_1_117' title='bbox 354 992 563 1029; x_wconf 83' lang='lat' dir='ltr'>Caesarem</span> <span class='ocrx_word' id='word_1_118' title='bbox 591 991 801 1028; x_wconf 86' lang='lat' dir='ltr'>detulerint</span> <span class='ocrx_word' id='word_1_119' title='bbox 821 991 1034 1029; x_wconf 91' lang='lat' dir='ltr'>delaturive</span> <span class='ocrx_word' id='word_1_120' title='bbox 1055 992 1132 1030; x_wconf 88' lang='lat' dir='ltr'>sint</span> <span class='ocrx_word' id='word_1_121' title='bbox 1153 1006 1215 1030; x_wconf 91' lang='lat' dir='ltr'>me</span> <span class='ocrx_word' id='word_1_122' title='bbox 1235 1001 1301 1030; x_wconf 82' lang='lat' dir='ltr'>aut</span> <span class='ocrx_word' id='word_1_123' title='bbox 1323 994 1520 1043; x_wconf 87' lang='lat' dir='ltr'>paenitere</span> 
     </span>
     <span class='ocr_line' id='line_1_14' title="bbox 195 1055 1522 1105; baseline 0.002 -12"><span class='ocrx_word' id='word_1_124' title='bbox 195 1056 333 1094; x_wconf 72' lang='lat' dir='ltr'>consili</span> <span class='ocrx_word' id='word_1_125' title='bbox 354 1055 430 1093; x_wconf 90' lang='lat' dir='ltr'>mei</span> <span class='ocrx_word' id='word_1_126' title='bbox 447 1063 513 1093; x_wconf 91' lang='lat' dir='ltr'>aut</span> <span class='ocrx_word' id='word_1_127' title='bbox 535 1069 614 1093; x_wconf 89' lang='lat' dir='ltr'>non</span> <span class='ocrx_word' id='word_1_128' title='bbox 636 1056 801 1105; x_wconf 88' lang='lat' dir='ltr'>probare</span> <span class='ocrx_word' id='word_1_129' title='bbox 822 1069 922 1105; x_wconf 89' lang='lat' dir='ltr'>quae</span> <span class='ocrx_word' id='word_1_130' title='bbox 943 1057 1048 1094; x_wconf 86' lang='lat' dir='ltr'>fiant.</span> <span class='ocrx_word' id='word_1_131' title='bbox 1091 1058 1270 1105; x_wconf 83' lang='lat' dir='ltr'>Quorum</span> <span class='ocrx_word' id='word_1_132' title='bbox 1289 1058 1359 1095; x_wconf 87' lang='lat' dir='ltr'>etsi</span> <span class='ocrx_word' id='word_1_133' title='bbox 1377 1067 1522 1095; x_wconf 88' lang='lat' dir='ltr'>utrum-</span> 
     </span>
     <span class='ocr_line' id='line_1_15' title="bbox 195 1119 1517 1170; baseline 0.001 -11"><span class='ocrx_word' id='word_1_134' title='bbox 195 1134 272 1170; x_wconf 75' lang='lat' dir='ltr'>que</span> <span class='ocrx_word' id='word_1_135' title='bbox 297 1134 431 1158; x_wconf 91' lang='lat' dir='ltr'>verum</span> <span class='ocrx_word' id='word_1_136' title='bbox 457 1127 525 1166; x_wconf 90' lang='lat' dir='ltr'>est,</span> <span class='ocrx_word' id='word_1_137' title='bbox 548 1128 680 1157; x_wconf 76' lang='lat' dir='ltr'>tamen</span> <span class='ocrx_word' id='word_1_138' title='bbox 707 1120 757 1157; x_wconf 91' lang='lat' dir='ltr'>ab</span> <span class='ocrx_word' id='word_1_139' title='bbox 782 1119 855 1157; x_wconf 89' lang='lat' dir='ltr'>illis</span> <span class='ocrx_word' id='word_1_140' title='bbox 882 1119 1024 1158; x_wconf 87' lang='lat' dir='ltr'>dicitur</span> <span class='ocrx_word' id='word_1_141' title='bbox 1046 1121 1180 1158; x_wconf 88' lang='lat' dir='ltr'>animo</span> <span class='ocrx_word' id='word_1_142' title='bbox 1203 1135 1226 1159; x_wconf 87' lang='lat' dir='ltr'>a</span> <span class='ocrx_word' id='word_1_143' title='bbox 1251 1135 1313 1159; x_wconf 92' lang='lat' dir='ltr'>me</span> <span class='ocrx_word' id='word_1_144' title='bbox 1337 1122 1517 1167; x_wconf 79' lang='lat' dir='ltr'>alienato,</span> 
     </span>
    </p>

    <p class='ocr_par' dir='ltr' id='par_1_4' title="bbox 158 1184 1570 1819">
     <span class='ocr_line' id='line_1_16' title="bbox 158 1184 1521 1234; baseline 0.001 -12"><span class='ocrx_word' id='word_1_145' title='bbox 158 1202 172 1231; x_wconf 73' lang='lat'>3</span> <span class='ocrx_word' id='word_1_146' title='bbox 197 1199 275 1223; x_wconf 92' lang='lat' dir='ltr'>non</span> <span class='ocrx_word' id='word_1_147' title='bbox 297 1198 375 1234; x_wconf 89' lang='lat' dir='ltr'>quo</span> <span class='ocrx_word' id='word_1_148' title='bbox 397 1184 448 1221; x_wconf 83' lang='lat' dir='ltr'>ita</span> <span class='ocrx_word' id='word_1_149' title='bbox 475 1197 560 1222; x_wconf 86' lang='lat' dir='ltr'>esse</span> <span class='ocrx_word' id='word_1_150' title='bbox 587 1184 862 1234; x_wconf 83' lang='lat' dir='ltr'>perspexerint.</span> <span class='ocrx_word' id='word_1_151' title='bbox 922 1186 999 1223; x_wconf 88' lang='lat' dir='ltr'>Sed</span> <span class='ocrx_word' id='word_1_152' title='bbox 1019 1187 1061 1223; x_wconf 74' lang='lat' dir='ltr'>in</span> <span class='ocrx_word' id='word_1_153' title='bbox 1081 1199 1120 1223; x_wconf 82' lang='lat' dir='ltr'>eo</span> <span class='ocrx_word' id='word_1_154' title='bbox 1139 1192 1194 1223; x_wconf 82' lang='lat' dir='ltr'>est</span> <span class='ocrx_word' id='word_1_155' title='bbox 1218 1194 1343 1224; x_wconf 86' lang='lat' dir='ltr'>totum</span> <span class='ocrx_word' id='word_1_156' title='bbox 1374 1195 1415 1224; x_wconf 92' lang='lat' dir='ltr'>ut</span> <span class='ocrx_word' id='word_1_157' title='bbox 1446 1188 1521 1224; x_wconf 91' lang='grc'>1106</span> 
     </span>
     <span class='ocr_line' id='line_1_17' title="bbox 199 1249 1522 1299; baseline 0.002 -13"><span class='ocrx_word' id='word_1_158' title='bbox 199 1250 343 1287; x_wconf 84' lang='lat' dir='ltr'>Balbus</span> <span class='ocrx_word' id='word_1_159' title='bbox 378 1249 566 1287; x_wconf 84' lang='lat' dir='ltr'>sustineat</span> <span class='ocrx_word' id='word_1_160' title='bbox 596 1257 635 1287; x_wconf 91' lang='lat' dir='ltr'>et</span> <span class='ocrx_word' id='word_1_161' title='bbox 665 1249 818 1299; x_wconf 90' lang='lat' dir='ltr'>Oppius</span> <span class='ocrx_word' id='word_1_162' title='bbox 851 1257 887 1288; x_wconf 92' lang='lat' dir='ltr'>et</span> <span class='ocrx_word' id='word_1_163' title='bbox 917 1263 1053 1288; x_wconf 89' lang='lat' dir='ltr'>eorum</span> <span class='ocrx_word' id='word_1_164' title='bbox 1083 1251 1227 1289; x_wconf 88' lang='lat' dir='ltr'>crebris</span> <span class='ocrx_word' id='word_1_165' title='bbox 1259 1251 1392 1290; x_wconf 86' lang='lat' dir='ltr'>litteris</span> <span class='ocrx_word' id='word_1_166' title='bbox 1420 1251 1522 1289; x_wconf 84' lang='lat' dir='ltr'>illius</span> 
     </span>
     <span class='ocr_line' id='line_1_18' title="bbox 194 1316 1524 1366; baseline 0.002 -14"><span class='ocrx_word' id='word_1_167' title='bbox 194 1317 373 1354; x_wconf 81' lang='lat' dir='ltr'>voluntas</span> <span class='ocrx_word' id='word_1_168' title='bbox 404 1328 494 1364; x_wconf 86' lang='lat' dir='ltr'>erga</span> <span class='ocrx_word' id='word_1_169' title='bbox 522 1328 586 1353; x_wconf 92' lang='lat' dir='ltr'>me</span> <span class='ocrx_word' id='word_1_170' title='bbox 616 1316 878 1353; x_wconf 88' lang='lat' dir='ltr'>confirmetur.</span> <span class='ocrx_word' id='word_1_171' title='bbox 939 1317 989 1353; x_wconf 90' lang='lat' dir='ltr'>Et</span> <span class='ocrx_word' id='word_1_172' title='bbox 1020 1317 1096 1355; x_wconf 89' lang='lat' dir='ltr'>hoc</span> <span class='ocrx_word' id='word_1_173' title='bbox 1126 1318 1241 1366; x_wconf 88' lang='lat' dir='ltr'>plane</span> <span class='ocrx_word' id='word_1_174' title='bbox 1272 1326 1313 1355; x_wconf 92' lang='lat' dir='ltr'>ut</span> <span class='ocrx_word' id='word_1_175' title='bbox 1344 1319 1409 1355; x_wconf 86' lang='lat' dir='ltr'>fiat</span> <span class='ocrx_word' id='word_1_176' title='bbox 1439 1317 1524 1356; x_wconf 91' lang='lat' dir='ltr'>dili-</span> 
     </span>
     <span class='ocr_line' id='line_1_19' title="bbox 193 1379 1570 1429; baseline 0.001 -10"><span class='ocrx_word' id='word_1_177' title='bbox 193 1380 364 1429; x_wconf 76' lang='lat' dir='ltr'>gentiam</span> <span class='ocrx_word' id='word_1_178' title='bbox 396 1379 615 1418; x_wconf 85' lang='lat' dir='ltr'>adhibebis.</span> <span class='ocrx_word' id='word_1_179' title='bbox 685 1381 862 1417; x_wconf 89' lang='lat' dir='ltr'>Alterum</span> <span class='ocrx_word' id='word_1_180' title='bbox 896 1388 953 1418; x_wconf 85' lang='lat' dir='ltr'>est</span> <span class='ocrx_word' id='word_1_181' title='bbox 985 1394 1052 1418; x_wconf 90' lang='lat' dir='ltr'>cur</span> <span class='ocrx_word' id='word_1_182' title='bbox 1083 1388 1120 1419; x_wconf 89' lang='lat' dir='ltr'>te</span> <span class='ocrx_word' id='word_1_183' title='bbox 1152 1382 1274 1419; x_wconf 91' lang='lat' dir='ltr'>nolim</span> <span class='ocrx_word' id='word_1_184' title='bbox 1307 1382 1519 1428; x_wconf 90' lang='lat' dir='ltr'>discedere,</span> <span class='ocrx_word' id='word_1_185' title='bbox 1544 1389 1570 1425; x_wconf 90' lang='lat'>6</span> 
     </span>
     <span class='ocr_line' id='line_1_20' title="bbox 196 1444 1523 1496; baseline 0.002 -13"><span class='ocrx_word' id='word_1_186' title='bbox 196 1446 304 1495; x_wconf 80' lang='lat' dir='ltr'>quod</span> <span class='ocrx_word' id='word_1_187' title='bbox 334 1444 469 1482; x_wconf 89' lang='lat' dir='ltr'>scribis</span> <span class='ocrx_word' id='word_1_188' title='bbox 495 1446 664 1482; x_wconf 76' lang='lat' dir='ltr'>Tulliam</span> <span class='ocrx_word' id='word_1_189' title='bbox 695 1451 732 1482; x_wconf 90' lang='lat' dir='ltr'>te</span> <span class='ocrx_word' id='word_1_190' title='bbox 761 1444 942 1494; x_wconf 86' lang='lat' dir='ltr'>flagitare.</span> <span class='ocrx_word' id='word_1_191' title='bbox 1003 1446 1038 1483; x_wconf 97' lang='lat' dir='ltr'>O</span> <span class='ocrx_word' id='word_1_192' title='bbox 1069 1459 1149 1483; x_wconf 87' lang='lat' dir='ltr'>rem</span> <span class='ocrx_word' id='word_1_193' title='bbox 1180 1446 1387 1484; x_wconf 83' lang='lat' dir='ltr'>miseram!</span> <span class='ocrx_word' id='word_1_194' title='bbox 1427 1447 1523 1496; x_wconf 87' lang='lat' dir='ltr'>quid</span> 
     </span>
     <span class='ocr_line' id='line_1_21' title="bbox 197 1508 1523 1558; baseline 0.002 -11"><span class='ocrx_word' id='word_1_195' title='bbox 197 1510 363 1548; x_wconf 85' lang='lat' dir='ltr'>scribam</span> <span class='ocrx_word' id='word_1_196' title='bbox 392 1517 458 1548; x_wconf 89' lang='lat' dir='ltr'>aut</span> <span class='ocrx_word' id='word_1_197' title='bbox 489 1509 583 1558; x_wconf 87' lang='lat' dir='ltr'>quid</span> <span class='ocrx_word' id='word_1_198' title='bbox 605 1508 754 1547; x_wconf 85' lang='lat' dir='ltr'>velim?</span> <span class='ocrx_word' id='word_1_199' title='bbox 810 1510 933 1547; x_wconf 83' lang='lat' dir='ltr'>Breve</span> <span class='ocrx_word' id='word_1_200' title='bbox 963 1509 1113 1556; x_wconf 83' lang='lat' dir='ltr'>faciam,</span> <span class='ocrx_word' id='word_1_201' title='bbox 1141 1511 1323 1549; x_wconf 84' lang='lat' dir='ltr'>lacrimae</span> <span class='ocrx_word' id='word_1_202' title='bbox 1352 1511 1456 1549; x_wconf 87' lang='lat' dir='ltr'>enim</span> <span class='ocrx_word' id='word_1_203' title='bbox 1482 1525 1523 1549; x_wconf 88' lang='lat' dir='ltr'>se</span> 
     </span>
     <span class='ocr_line' id='line_1_22' title="bbox 195 1572 1523 1624; baseline 0 -11"><span class='ocrx_word' id='word_1_204' title='bbox 195 1575 327 1613; x_wconf 78' lang='lat' dir='ltr'>subito</span> <span class='ocrx_word' id='word_1_205' title='bbox 366 1575 633 1624; x_wconf 90' lang='lat' dir='ltr'>profuderunt.</span> <span class='ocrx_word' id='word_1_206' title='bbox 705 1572 796 1611; x_wconf 89' lang='lat' dir='ltr'>Tibi</span> <span class='ocrx_word' id='word_1_207' title='bbox 831 1573 1025 1623; x_wconf 88' lang='lat' dir='ltr'>permitto,</span> <span class='ocrx_word' id='word_1_208' title='bbox 1061 1582 1103 1612; x_wconf 89' lang='lat' dir='ltr'>tu</span> <span class='ocrx_word' id='word_1_209' title='bbox 1137 1577 1327 1622; x_wconf 85' lang='lat' dir='ltr'>consule;</span> <span class='ocrx_word' id='word_1_210' title='bbox 1370 1583 1523 1614; x_wconf 89' lang='lat' dir='ltr'>tantum</span> 
     </span>
     <span class='ocr_line' id='line_1_23' title="bbox 198 1638 1520 1690; baseline 0.001 -13"><span class='ocrx_word' id='word_1_211' title='bbox 198 1640 288 1678; x_wconf 87' lang='lat' dir='ltr'>vide</span> <span class='ocrx_word' id='word_1_212' title='bbox 318 1654 367 1678; x_wconf 86' lang='lat' dir='ltr'>ne</span> <span class='ocrx_word' id='word_1_213' title='bbox 397 1641 473 1677; x_wconf 88' lang='lat' dir='ltr'>hoc</span> <span class='ocrx_word' id='word_1_214' title='bbox 505 1647 681 1689; x_wconf 88' lang='lat' dir='ltr'>tempore</span> <span class='ocrx_word' id='word_1_215' title='bbox 708 1638 769 1676; x_wconf 90' lang='lat' dir='ltr'>isti</span> <span class='ocrx_word' id='word_1_216' title='bbox 801 1639 941 1676; x_wconf 88' lang='lat' dir='ltr'>obesse</span> <span class='ocrx_word' id='word_1_217' title='bbox 970 1639 1118 1688; x_wconf 86' lang='lat' dir='ltr'>aliquid</span> <span class='ocrx_word' id='word_1_218' title='bbox 1147 1640 1280 1689; x_wconf 87' lang='lat' dir='ltr'>possit.</span> <span class='ocrx_word' id='word_1_219' title='bbox 1342 1642 1520 1690; x_wconf 83' lang='lat' dir='ltr'>Ignosce,</span> 
     </span>
     <span class='ocr_line' id='line_1_24' title="bbox 195 1705 1522 1755; baseline 0 -13"><span class='ocrx_word' id='word_1_220' title='bbox 195 1706 360 1744; x_wconf 85' lang='lat' dir='ltr'>obsecro</span> <span class='ocrx_word' id='word_1_221' title='bbox 392 1714 439 1744; x_wconf 90' lang='lat' dir='ltr'>te.</span> <span class='ocrx_word' id='word_1_222' title='bbox 501 1708 593 1744; x_wconf 91' lang='lat' dir='ltr'>Non</span> <span class='ocrx_word' id='word_1_223' title='bbox 630 1719 791 1755; x_wconf 89' lang='lat' dir='ltr'>possum</span> <span class='ocrx_word' id='word_1_224' title='bbox 824 1718 914 1754; x_wconf 86' lang='lat' dir='ltr'>prae</span> <span class='ocrx_word' id='word_1_225' title='bbox 944 1706 1037 1742; x_wconf 90' lang='lat' dir='ltr'>fletu</span> <span class='ocrx_word' id='word_1_226' title='bbox 1068 1711 1105 1742; x_wconf 91' lang='lat' dir='ltr'>et</span> <span class='ocrx_word' id='word_1_227' title='bbox 1135 1706 1272 1742; x_wconf 91' lang='lat' dir='ltr'>dolore</span> <span class='ocrx_word' id='word_1_228' title='bbox 1302 1705 1448 1743; x_wconf 86' lang='lat' dir='ltr'>diutius</span> <span class='ocrx_word' id='word_1_229' title='bbox 1483 1705 1522 1743; x_wconf 89' lang='lat' dir='ltr'>in</span> 
     </span>
     <span class='ocr_line' id='line_1_25' title="bbox 196 1768 1522 1819; baseline -0.001 -12"><span class='ocrx_word' id='word_1_230' title='bbox 196 1771 271 1808; x_wconf 86' lang='lat' dir='ltr'>hoc</span> <span class='ocrx_word' id='word_1_231' title='bbox 305 1772 394 1808; x_wconf 90' lang='grc'>1060</span> <span class='ocrx_word' id='word_1_232' title='bbox 428 1771 672 1809; x_wconf 88' lang='lat' dir='ltr'>commorari.</span> <span class='ocrx_word' id='word_1_233' title='bbox 734 1772 907 1808; x_wconf 88' lang='lat' dir='ltr'>Tantum</span> <span class='ocrx_word' id='word_1_234' title='bbox 943 1769 1084 1816; x_wconf 89' lang='lat' dir='ltr'>dicam,</span> <span class='ocrx_word' id='word_1_235' title='bbox 1121 1768 1217 1806; x_wconf 87' lang='lat' dir='ltr'>nihil</span> <span class='ocrx_word' id='word_1_236' title='bbox 1251 1769 1345 1807; x_wconf 89' lang='lat' dir='ltr'>mihi</span> <span class='ocrx_word' id='word_1_237' title='bbox 1379 1769 1522 1819; x_wconf 82' lang='lat' dir='ltr'>gratius</span> 
     </span>
    </p>
   </div>
   <div class='ocr_carea' id='block_1_3' title="bbox 138 1835 813 1886">
    <p class='ocr_par' dir='ltr' id='par_1_5' title="bbox 138 1835 813 1886">
     <span class='ocr_line' id='line_1_26' title="bbox 138 1835 813 1886; baseline 0.001 -14"><span class='ocrx_word' id='word_1_238' title='bbox 138 1851 173 1881; x_wconf 77' lang='lat'>25</span> <span class='ocrx_word' id='word_1_239' title='bbox 195 1849 279 1874; x_wconf 89' lang='lat' dir='ltr'>esse</span> <span class='ocrx_word' id='word_1_240' title='bbox 300 1849 418 1885; x_wconf 87' lang='lat' dir='ltr'>quarn</span> <span class='ocrx_word' id='word_1_241' title='bbox 440 1837 547 1886; x_wconf 85' lang='lat' dir='ltr'>quod</span> <span class='ocrx_word' id='word_1_242' title='bbox 568 1850 654 1874; x_wconf 89' lang='lat' dir='ltr'>eam</span> <span class='ocrx_word' id='word_1_243' title='bbox 676 1835 813 1885; x_wconf 85' lang='lat' dir='ltr'>diligis.</span> 
     </span>
    </p>
   </div>
   <div class='ocr_carea' id='block_1_4' title="bbox 195 1899 1566 2079">
    <p class='ocr_par' dir='ltr' id='par_1_6' title="bbox 195 1899 1566 2079">
     <span class='ocr_line' id='line_1_27' title="bbox 249 1899 1566 1951; baseline -0.002 -13"><span class='ocrx_word' id='word_1_244' title='bbox 249 1902 370 1950; x_wconf 86' lang='lat' dir='ltr'>Quod</span> <span class='ocrx_word' id='word_1_245' title='bbox 395 1900 539 1939; x_wconf 83' lang='lat' dir='ltr'>litteras</span> <span class='ocrx_word' id='word_1_246' title='bbox 568 1900 710 1950; x_wconf 87' lang='lat' dir='ltr'>quibus</span> <span class='ocrx_word' id='word_1_247' title='bbox 735 1908 848 1949; x_wconf 89' lang='lat' dir='ltr'>putas</span> <span class='ocrx_word' id='word_1_248' title='bbox 875 1913 974 1950; x_wconf 91' lang='lat' dir='ltr'>opus</span> <span class='ocrx_word' id='word_1_249' title='bbox 1001 1913 1086 1938; x_wconf 87' lang='lat' dir='ltr'>esse</span> <span class='ocrx_word' id='word_1_250' title='bbox 1111 1912 1221 1937; x_wconf 86' lang='lat' dir='ltr'>curas</span> <span class='ocrx_word' id='word_1_251' title='bbox 1251 1900 1402 1937; x_wconf 85' lang='lat' dir='ltr'>dandas</span> <span class='ocrx_word' id='word_1_252' title='bbox 1430 1899 1523 1937; x_wconf 82' lang='lat' dir='ltr'>facis</span> <span class='ocrx_word' id='word_1_253' title='bbox 1544 1912 1566 1951; x_wconf 91' lang='lat'><strong>7</strong></span> 
     </span>
     <span class='ocr_line' id='line_1_28' title="bbox 195 1963 1523 2014; baseline -0.002 -11"><span class='ocrx_word' id='word_1_254' title='bbox 195 1966 416 2003; x_wconf 85' lang='lat' dir='ltr'>commode.</span> <span class='ocrx_word' id='word_1_255' title='bbox 478 1965 671 2014; x_wconf 85' lang='lat' dir='ltr'>Quintum</span> <span class='ocrx_word' id='word_1_256' title='bbox 701 1965 823 2002; x_wconf 90' lang='lat' dir='ltr'>filium</span> <span class='ocrx_word' id='word_1_257' title='bbox 845 1964 925 2002; x_wconf 88' lang='lat' dir='ltr'>vidi</span> <span class='ocrx_word' id='word_1_258' title='bbox 955 1964 1021 2013; x_wconf 86' lang='lat' dir='ltr'>qui</span> <span class='ocrx_word' id='word_1_259' title='bbox 1053 1963 1157 2002; x_wconf 82' lang='lat' dir='ltr'>Sami</span> <span class='ocrx_word' id='word_1_260' title='bbox 1179 1963 1350 2010; x_wconf 83' lang='lat' dir='ltr'>vidisset,</span> <span class='ocrx_word' id='word_1_261' title='bbox 1374 1972 1523 2013; x_wconf 87' lang='lat' dir='ltr'>patrem</span> 
     </span>
     <span class='ocr_line' id='line_1_29' title="bbox 197 2028 1524 2079; baseline -0.002 -11"><span class='ocrx_word' id='word_1_262' title='bbox 197 2030 387 2079; x_wconf 82' lang='lat' dir='ltr'>Sicyone:</span> <span class='ocrx_word' id='word_1_263' title='bbox 426 2043 593 2079; x_wconf 87' lang='lat' dir='ltr'>quorum</span> <span class='ocrx_word' id='word_1_264' title='bbox 628 2029 854 2079; x_wconf 82' lang='lat' dir='ltr'>deprecatio</span> <span class='ocrx_word' id='word_1_265' title='bbox 893 2037 950 2067; x_wconf 88' lang='lat' dir='ltr'>est</span> <span class='ocrx_word' id='word_1_266' title='bbox 982 2029 1116 2067; x_wconf 87' lang='lat' dir='ltr'>facilis.</span> <span class='ocrx_word' id='word_1_267' title='bbox 1176 2028 1337 2066; x_wconf 88' lang='lat' dir='ltr'>Vtinam</span> <span class='ocrx_word' id='word_1_268' title='bbox 1372 2028 1425 2065; x_wconf 91' lang='lat' dir='ltr'>illi</span> <span class='ocrx_word' id='word_1_269' title='bbox 1457 2028 1524 2077; x_wconf 86' lang='lat' dir='ltr'>qui</span> 
     </span>
    </p>
   </div>
   <div class='ocr_carea' id='block_1_5' title="bbox 196 2130 1524 2258">
    <p class='ocr_par' dir='ltr' id='par_1_7' title="bbox 196 2130 1524 2258">
     <span class='ocr_line' id='line_1_30' title="bbox 239 2130 1523 2173; baseline -0.001 -11"><span class='ocrx_word' id='word_1_270' title='bbox 239 2143 258 2171; x_wconf 85' lang='lat'><strong>3</strong></span> <span class='ocrx_word' id='word_1_271' title='bbox 283 2132 412 2173; x_wconf 81' lang='lat' dir='ltr'>tamen]</span> <span class='ocrx_word' id='word_1_272' title='bbox 432 2132 507 2162; x_wconf 82' lang='lat' dir='ltr'>ln&#39;nc</span> <span class='ocrx_word' id='word_1_273' title='bbox 521 2133 637 2162; x_wconf 69' lang='lat' dir='ltr'>itm-mn</span> <span class='ocrx_word' id='word_1_274' title='bbox 656 2142 756 2170; x_wconf 80' lang='lat' dir='ltr'>usque</span> <span class='ocrx_word' id='word_1_275' title='bbox 772 2131 818 2161; x_wconf 82' lang='lat' dir='ltr'>ad</span> <span class='ocrx_word' id='word_1_276' title='bbox 836 2141 882 2162; x_wconf 81' lang='lat'>12.</span> <span class='ocrx_word' id='word_1_277' title='bbox 903 2141 915 2160; x_wconf 93' lang='lat'>1</span> <span class='ocrx_word' id='word_1_278' title='bbox 934 2132 1094 2167; x_wconf 55' lang='lat' dir='ltr'>(dixerat)</span> <span class='ocrx_word' id='word_1_279' title='bbox 1113 2131 1246 2171; x_wconf 78' lang='lat' dir='ltr'>emergit</span> <span class='ocrx_word' id='word_1_280' title='bbox 1263 2130 1307 2159; x_wconf 84' lang='lat' dir='ltr'><em>W</em></span> <span class='ocrx_word' id='word_1_281' title='bbox 1445 2132 1466 2161; x_wconf 89' lang='lat'><strong>6</strong></span> <span class='ocrx_word' id='word_1_282' title='bbox 1491 2131 1523 2161; x_wconf 93' lang='lat' dir='ltr'>in</span> 
     </span>
     <span class='ocr_line' id='line_1_31' title="bbox 196 2173 1524 2214; baseline -0.001 -9"><span class='ocrx_word' id='word_1_283' title='bbox 196 2176 270 2206; x_wconf 80' lang='lat' dir='ltr'>add.</span> <span class='ocrx_word' id='word_1_284' title='bbox 287 2179 357 2206; x_wconf 72' lang='lat' dir='ltr'>vett.</span> <span class='ocrx_word' id='word_1_285' title='bbox 494 2185 510 2213; x_wconf 95' lang='lat'>7</span> <span class='ocrx_word' id='word_1_286' title='bbox 530 2186 635 2214; x_wconf 84' lang='lat' dir='ltr'>perge</span> <span class='ocrx_word' id='word_1_287' title='bbox 657 2174 718 2205; x_wconf 81' lang='lat' dir='ltr'>W:</span> <span class='ocrx_word' id='word_1_288' title='bbox 755 2185 815 2213; x_wconf 89' lang='lat' dir='ltr'>per</span> <span class='ocrx_word' id='word_1_289' title='bbox 837 2173 878 2203; x_wconf 92' lang='lat' dir='ltr'><em>M</em></span> <span class='ocrx_word' id='word_1_290' title='bbox 1022 2184 1059 2213; x_wconf 85' lang='lat'>15</span> <span class='ocrx_word' id='word_1_291' title='bbox 1083 2185 1159 2204; x_wconf 86' lang='lat' dir='ltr'>esse</span> <span class='ocrx_word' id='word_1_292' title='bbox 1181 2175 1225 2203; x_wconf 82' lang='lat' dir='ltr'><em>W</em></span> <span class='ocrx_word' id='word_1_293' title='bbox 1240 2174 1325 2205; x_wconf 75' lang='lat' dir='ltr'>Crat.</span> <span class='ocrx_word' id='word_1_294' title='bbox 1345 2186 1351 2204; x_wconf 77' lang='lat' dir='ltr'><em>z</em></span> <span class='ocrx_word' id='word_1_295' title='bbox 1384 2184 1448 2204; x_wconf 84' lang='lat' dir='ltr'>om.</span> <span class='ocrx_word' id='word_1_296' title='bbox 1470 2178 1524 2205; x_wconf 89' lang='grc' dir='ltr'>ΣΔ</span> 
     </span>
     <span class='ocr_line' id='line_1_32' title="bbox 197 2217 1520 2258; baseline -0.002 -9"><span class='ocrx_word' id='word_1_297' title='bbox 197 2221 228 2249; x_wconf 92' lang='lat' dir='ltr'>in</span> <span class='ocrx_word' id='word_1_298' title='bbox 248 2230 287 2249; x_wconf 90' lang='lat' dir='ltr'>eo</span> <span class='ocrx_word' id='word_1_299' title='bbox 305 2224 356 2248; x_wconf 87' lang='lat' dir='ltr'>est</span> <span class='ocrx_word' id='word_1_300' title='bbox 373 2217 448 2249; x_wconf 83' lang='lat' dir='ltr'>add.</span> <span class='ocrx_word' id='word_1_301' title='bbox 469 2218 608 2258; x_wconf 68' lang='lat' dir='ltr'>Madmg</span> <span class='ocrx_word' id='word_1_302' title='bbox 624 2218 698 2257; x_wconf 54' lang='lat' dir='ltr'>(del.</span> <span class='ocrx_word' id='word_1_303' title='bbox 719 2218 804 2257; x_wconf 72' lang='lat' dir='ltr'>Sed&gt;</span> <span class='ocrx_word' id='word_1_304' title='bbox 982 2227 1020 2256; x_wconf 90' lang='lat'>19</span> <span class='ocrx_word' id='word_1_305' title='bbox 1043 2218 1184 2248; x_wconf 87' lang='lat' dir='ltr'>Tulliam</span> <span class='ocrx_word' id='word_1_306' title='bbox 1211 2223 1243 2248; x_wconf 85' lang='lat' dir='ltr'>te</span> <span class='ocrx_word' id='word_1_307' title='bbox 1269 2219 1419 2256; x_wconf 76' lang='lat' dir='ltr'>flagitare</span> <span class='ocrx_word' id='word_1_308' title='bbox 1441 2219 1520 2248; x_wconf 82' lang='lat' dir='ltr'>coni.</span> 
     </span>
    </p>
   </div>
   <div class='ocr_carea' id='block_1_6' title="bbox 196 2260 1525 2431">
    <p class='ocr_par' dir='ltr' id='par_1_8' title="bbox 196 2260 1525 2431">
     <span class='ocr_line' id='line_1_33' title="bbox 201 2260 1525 2300; baseline 0 -8"><span class='ocrx_word' id='word_1_309' title='bbox 201 2262 407 2300; x_wconf 56' lang='lat' dir='ltr'>Wesenbezg:</span> <span class='ocrx_word' id='word_1_310' title='bbox 444 2267 476 2292; x_wconf 85' lang='lat' dir='ltr'>te</span> <span class='ocrx_word' id='word_1_311' title='bbox 506 2263 659 2299; x_wconf 76' lang='lat' dir='ltr'>flagitare</span> <span class='ocrx_word' id='word_1_312' title='bbox 686 2261 778 2292; x_wconf 86' lang='lat' dir='ltr'>CW:</span> <span class='ocrx_word' id='word_1_313' title='bbox 817 2266 850 2291; x_wconf 88' lang='lat' dir='ltr'>et</span> <span class='ocrx_word' id='word_1_314' title='bbox 883 2261 1035 2300; x_wconf 77' lang='lat' dir='ltr'>flagitare</span> <span class='ocrx_word' id='word_1_315' title='bbox 1068 2261 1144 2291; x_wconf 74' lang='lat' dir='ltr'>M1:</span> <span class='ocrx_word' id='word_1_316' title='bbox 1184 2262 1368 2299; x_wconf 85' lang='lat' dir='ltr'>efflagitare</span> <span class='ocrx_word' id='word_1_317' title='bbox 1402 2260 1525 2292; x_wconf 68' lang='lat' dir='ltr'>M²Esz</span> 
     </span>
     <span class='ocr_line' id='line_1_34' title="bbox 196 2304 1519 2345; baseline -0.001 -10"><span class='ocrx_word' id='word_1_318' title='bbox 196 2306 335 2336; x_wconf 86' lang='lat' dir='ltr'>Tulliam</span> <span class='ocrx_word' id='word_1_319' title='bbox 359 2306 509 2344; x_wconf 77' lang='lat' dir='ltr'>flagitare</span> <span class='ocrx_word' id='word_1_320' title='bbox 534 2304 746 2345; x_wconf 75' lang='lat' dir='ltr'>Malaspiua:</span> <span class='ocrx_word' id='word_1_321' title='bbox 778 2310 810 2335; x_wconf 90' lang='lat' dir='ltr'>te</span> <span class='ocrx_word' id='word_1_322' title='bbox 836 2305 976 2344; x_wconf 77' lang='lat' dir='ltr'>flagitari</span> <span class='ocrx_word' id='word_1_323' title='bbox 995 2304 1023 2334; x_wconf 93' lang='lat' dir='ltr'><em>L</em></span> <span class='ocrx_word' id='word_1_324' title='bbox 1042 2306 1185 2344; x_wconf 51' lang='lat' dir='ltr'>(marg.)</span> <span class='ocrx_word' id='word_1_325' title='bbox 1207 2305 1294 2335; x_wconf 76' lang='lat' dir='ltr'><em>codd.</em></span> <span class='ocrx_word' id='word_1_326' title='bbox 1316 2305 1416 2334; x_wconf 83' lang='lat' dir='ltr'>Bosz&#39;:</span> <span class='ocrx_word' id='word_1_327' title='bbox 1439 2305 1519 2343; x_wconf 76' lang='lat' dir='ltr'>fort.</span> 
     </span>
     <span class='ocr_line' id='line_1_35' title="bbox 196 2348 1523 2387; baseline 0.001 -9"><span class='ocrx_word' id='word_1_328' title='bbox 196 2349 390 2379; x_wconf 83' lang='lat' dir='ltr'>Terentiam</span> <span class='ocrx_word' id='word_1_329' title='bbox 410 2350 467 2383; x_wconf 70' lang='lat' dir='ltr'>(ita</span> <span class='ocrx_word' id='word_1_330' title='bbox 483 2348 576 2386; x_wconf 52' lang='lat' dir='ltr'>Victq)</span> <span class='ocrx_word' id='word_1_331' title='bbox 597 2354 628 2378; x_wconf 88' lang='lat' dir='ltr'>te</span> <span class='ocrx_word' id='word_1_332' title='bbox 647 2349 797 2385; x_wconf 83' lang='lat' dir='ltr'>flagitare</span> <span class='ocrx_word' id='word_1_333' title='bbox 907 2359 950 2379; x_wconf 89' lang='lat'>20</span> <span class='ocrx_word' id='word_1_334' title='bbox 974 2349 1081 2378; x_wconf 81' lang='lat' dir='ltr'>volam</span> <span class='ocrx_word' id='word_1_335' title='bbox 1102 2348 1203 2378; x_wconf 67' lang='lat' dir='ltr'>Orelli</span> <span class='ocrx_word' id='word_1_336' title='bbox 1303 2358 1343 2378; x_wconf 84' lang='lat'>22</span> <span class='ocrx_word' id='word_1_337' title='bbox 1369 2353 1523 2387; x_wconf 80' lang='lat' dir='ltr'>tempore</span> 
     </span>
     <span class='ocr_line' id='line_1_36' title="bbox 197 2391 736 2431; baseline -0.002 -9"><span class='ocrx_word' id='word_1_338' title='bbox 197 2393 249 2422; x_wconf 86' lang='lat' dir='ltr'>isti</span> <span class='ocrx_word' id='word_1_339' title='bbox 267 2392 356 2423; x_wconf 83' lang='lat' dir='ltr'>Koclz</span> <span class='ocrx_word' id='word_1_340' title='bbox 374 2404 380 2423; x_wconf 73' lang='grc' dir='ltr'><strong><em>ε</em></strong></span> <span class='ocrx_word' id='word_1_341' title='bbox 404 2393 565 2431; x_wconf 87' lang='lat' dir='ltr'>temporis</span> <span class='ocrx_word' id='word_1_342' title='bbox 583 2397 615 2422; x_wconf 81' lang='lat' dir='ltr'>te</span> <span class='ocrx_word' id='word_1_343' title='bbox 633 2392 670 2421; x_wconf 90' lang='lat' dir='ltr'><em>M</em></span> <span class='ocrx_word' id='word_1_344' title='bbox 692 2391 736 2421; x_wconf 88' lang='lat' dir='ltr'><em>W</em></span> 
     </span>
    </p>
   </div>
  </div>
 </body>
</html>
