1827 2798
563 172 675 210 EPP.
708 174 784 210 AD
814 172 1075 212 ATTICVM
1376 173 1495 210 XIII.
1519 172 1613 209 xlvi

152 282 365 333 multisque
391 282 517 329 rebus,
540 282 636 320 nihil
662 296 686 320 a
711 283 837 321 nobis.
896 284 1132 331 Subaccusa‚
1161 297 1323 334 quaeso,
1343 284 1481 322 Vesto-

153 348 263 386 rium.
305 347 414 395 Quid
436 347 563 385 minus
584 348 833 397 probandum
849 362 968 398 quam
992 349 1161 387 Plotium
1179 349 1478 399 unguentarium

152 426 220 462 per
247 426 338 450 suos
368 426 509 462 pueros
536 412 671 450 omnia
698 421 807 450 tanto
834 422 927 452 ante
959 415 1094 460 Balbo,
1118 414 1226 452 illum
1255 414 1308 452 mi
1333 428 1382 452 ne
1411 427 1480 463 per

153 491 262 516 meos
282 477 473 527 quidem?
531 479 592 516 De
613 478 796 516 Cossinio
817 480 959 527 dole03
986 479 1103 517 dilexi
1125 479 1339 517 hominem.

116 558 132 588 5
206 542 359 591 Quinto
397 543 589 593 delegabo
621 543 652 580 si
685 543 782 593 quid
814 543 894 581 acri
925 557 1015 581 meo
1047 543 1178 582 alieno
1211 543 1410 594 superabit
1442 551 1480 582 et

151 607 418 657 emptionibus
455 622 503 646 ex
536 608 679 657 quibus
714 607 766 645 mi
796 608 914 646 etiam
946 622 1014 647 aes
1046 608 1219 647 alienum
1254 608 1479 647 faciendum

151 681 258 723 puto.
320 675 381 711 De
401 674 523 711 domo
544 672 683 722 Arpini
704 673 757 710 nil
778 673 871 711 scio.

205 737 430 776 Vestorium
463 737 517 775 nil
550 745 609 775 est
642 739 751 787 quod
784 751 956 776 accuses.
1017 739 1102 776 Iam
1133 738 1239 777 enim
1273 738 1522 788 obsignata5

152 803 225 840 hac
244 801 412 851 epistula
441 809 561 840 noctu
583 802 805 840 tabellarius
833 810 966 840 noster
985 803 1091 841 venit
1118 811 1157 841 et
1183 803 1235 841 ab
1262 816 1309 842 eo
1334 803 1479 842 litteras

95 880 133 903 10
150 866 357 916 diligenter
376 866 539 917 scriptas
556 866 686 905 attulit
706 874 745 905 et
765 868 988 917 exemplum
1010 867 1244 906 testamenti.

194 1011 368 1047 XLVII
449 1015 518 1046 Scr.
538 1016 571 1045 in
592 1015 778 1046 Tusculano
793 1015 843 1045 Id.
863 1015 951 1045 Sext.
969 1026 1001 1046 a.
1022 1025 1080 1056 709
1096 1015 1177 1056 (θ’).

556 1102 727 1133 (YCERO
749 1102 931 1133 ATTICO
954 1101 1061 1134 SAL.

206 1194 215 1210 ‘
229 1192 370 1228 Postea
385 1203 504 1239 quam
524 1190 594 1228 abs
614 1197 665 1237 te,
679 1190 952 1238 Agamemno‚’
967 1202 1047 1227 non
1068 1192 1077 1208 ‘
1093 1197 1135 1228 ut
1150 1189 1345 1229 venirem’
1367 1191 1475 1241 (nam

147 1254 188 1293 id
208 1267 369 1304 quoque
395 1253 573 1292 fecissem
601 1253 675 1291 nisi
702 1255 926 1303 Torquatus
953 1254 1071 1305 esset)
1100 1256 1171 1293 sed
1198 1262 1240 1293 ut
1266 1255 1475 1294 scriberem

93 1329 128 1361 ¹5
150 1319 297 1369 ‘tetigit
323 1319 425 1357 auris
449 1319 619 1365 nuntius,
642 1321 861 1368 extemplo⁷
883 1319 1059 1358 instituta
1078 1320 1192 1359 omisi
1208 1336 1218 1368 ;
1245 1335 1294 1359 ea
1312 1335 1415 1371 quae
1436 1322 1474 1360 in

149 1384 330 1423 manibus
352 1384 547 1422 habebam
564 1382 706 1430 abieci,
725 1384 833 1433 quod
862 1383 1026 1422 iusseras
1052 1385 1217 1423 edolavi.
1276 1388 1339 1424 Tu
1360 1386 1476 1425 velim

147 1463 170 1488 e
202 1449 348 1487 Pollice
381 1462 595 1499 cognoscas
628 1447 797 1486 rationes
831 1456 982 1487 nostras
1013 1450 1284 1499 sumptuarias.
1342 1453 1477 1501 Turpe

148 1521 206 1552 est
238 1514 345 1552 enim
378 1514 492 1552 nobis
526 1514 647 1560 illum,
677 1512 978 1563 qualiscumque
1006 1522 1075 1561 est,
1108 1516 1184 1554 hoc
1214 1515 1341 1566 primo
1369 1529 1476 1554 anno

148 1592 272 1629 egere.
332 1581 425 1617 Post
447 1578 740 1617 moderabimur
758 1578 994 1628 diligentius.
1055 1581 1168 1619 Idem
1196 1583 1329 1619 Pollex
1350 1580 1477 1620 remit-

91 1654 132 1676 20
150 1644 291 1681 tendus
310 1651 369 1681 est
391 1651 431 1681 ut
453 1643 516 1681 ille
542 1651 685 1681 cernat.
746 1644 866 1680 Plane
888 1645 1074 1682 Puteolos
1100 1658 1180 1682 non
1202 1644 1272 1682 fuit
1299 1647 1476 1684 eundum

148 1722 238 1746 curn
278 1708 330 1746 ob
365 1721 410 1746 ea
446 1721 548 1757 quae
582 1709 632 1746 ad
672 1715 709 1745 te
739 1707 875 1757 scripsi
908 1715 991 1745 tum
1022 1710 1131 1758 quod
1171 1710 1315 1748 Caesar
1353 1711 1475 1748 adest.

151 1773 358 1811 Dolabella
387 1773 519 1812 scribit
549 1787 589 1812 se
622 1775 674 1812 ad
705 1787 768 1811 me
798 1773 986 1824 postridie
1017 1775 1123 1813 Idus.
1184 1775 1220 1813 O
1250 1774 1477 1825 magistrum

149 1840 378 1877 molestum!

191 1944 365 1980 XLVII
381 1958 402 1980 a
461 1948 532 1981 διν.
549 1949 697 1980 Asturae
712 1950 754 1981 iii.
774 1950 816 1981 K.
835 1949 924 1981 Sext.
942 1961 971 1982 a.
994 1960 1052 1991 709
1072 1950 1153 1991 (45).

91 2031 129 2062 ²5
561 2026 735 2058 CICERO
758 2027 938 2058 ATTICO
961 2027 1070 2058 SAL.

204 2097 378 2146 Lepidus
406 2098 458 2135 ad
488 2111 550 2136 me
579 2098 662 2136 heri
689 2098 840 2148 vesperi
869 2099 1014 2137 litteras
1045 2098 1149 2136 misit
1180 2098 1312 2137 Antio.
1373 2101 1476 2138 Nam
1497 2103 1549 2144 (2)

149 2161 203 2200 ibi
244 2169 336 2199 erat.
411 2162 546 2200 Habet
583 2162 690 2200 enim
735 2164 899 2200 domum
938 2177 1057 2213 quarn
1102 2177 1174 2202 nos
1212 2163 1473 2203 vendidimus.

150 2228 279 2276 Rogat
310 2239 452 2276 magno
482 2240 599 2276 opere
630 2235 671 2264 ut
700 2227 772 2265 sim
806 2229 893 2265 Kal.
917 2227 957 2266 in
986 2236 1123 2266 senatu
1139 2243 1148 2276 3
1183 2243 1246 2267 me
1271 2237 1311 2267 et
1338 2229 1412 2268 sibi
1438 2237 1477 2268 et

195 2339 233 2368 15
258 2329 368 2367 tetigit
385 2330 477 2359 auris
496 2330 631 2360 nuntius
647 2331 819 2370 extemplo
841 2331 990 2361 instituta
1006 2332 1101 2362 omisi
1116 2325 1182 2363 CZl
1197 2343 1226 2364 v.
1241 2343 1265 2363 c.
1287 2333 1315 2362 L
1335 2333 1476 2373 (marg.)

147 2372 262 2403 codices
278 2372 379 2403 Bosi:
404 2374 438 2411 cs.
458 2372 606 2403 Nonium
626 2376 698 2412 263.
720 2384 739 2412 3
757 2378 784 2404 (t
799 2374 932 2404 Ribbeck
948 2379 954 2391 ⁴
966 2376 999 2405 F
997 2386 1066 2415 rag.
1092 2374 1195 2417 Trag.’
1206 2381 1240 2417 p.
1257 2386 1319 2416 237
1338 2388 1344 2408 :
1368 2377 1477 2417 tetigit

149 2416 246 2447 omisi
264 2420 317 2448 ΣΔ
337 2417 454 2457 <ceteris
469 2417 611 2458 omissis>
627 2428 635 2448 ε
660 2418 788 2458 pepigit
807 2418 939 2458 Oppius
955 2418 1103 2449 Schmidt
