1827 2798
587 177 699 215 EPP.
732 179 808 215 AD
838 179 1097 218 ATTICVM
1369 181 1486 217 XIII.
1511 191 1604 217 xxv

172 288 386 326 commodo
417 287 455 326 in
486 290 714 327 Tusculano
747 289 804 327 sit.
865 291 950 328 Nec
982 290 1085 328 enim
1122 291 1172 329 ad
1204 290 1377 329 tabulam
1411 304 1500 329 eum

172 352 462 392 desideraturus
490 368 593 392 eram
617 355 673 404 (in
704 355 769 392 tali
800 355 903 393 enim
936 356 1094 405 negotio
1122 370 1190 394 cur
1217 364 1257 394 tu
1286 370 1388 394 unus
1418 370 1498 395 non

170 418 262 456 satis
284 432 324 456 es
341 420 373 467 ?)
396 420 465 457 sed
485 421 535 457 ad
557 428 835 458 testamentum
857 422 1050 468 volebam,
1069 423 1177 471 quod
1200 421 1275 460 iam
1300 424 1403 460 malo
1423 422 1500 460 alio

169 482 233 520 die
260 497 309 521 ne
334 484 385 521 ob
407 498 493 522 eam
521 498 679 522 causam
703 487 873 522 Romam
894 485 1047 523 venisse
1068 485 1210 524 videar.
1270 487 1412 536 Scripsi
1435 487 1499 537 igi-

131 559 147 590 5
169 555 230 585 tur
249 549 299 586 ad
323 550 487 586 Brutum
509 549 585 587 iam
607 549 713 595 illud,
737 551 845 598 quod
874 558 1083 599 putassem,
1109 551 1251 589 Idibus
1275 551 1371 589 nihil
1399 566 1498 602 opus

168 626 263 650 esse.
323 614 452 651 Velim
483 628 574 664 ergo
604 622 730 652 totum
761 616 837 653 hoc
869 615 921 652 ita
953 616 1146 665 gubernes
1178 624 1220 654 ut
1252 630 1301 654 ne
1336 617 1497 655 minima

168 677 328 727 quidem
350 693 390 717 re
411 681 488 717 ulla
510 679 618 718 Bruti
640 681 896 719 commodum
918 680 1190 731 impediamus.

222 745 299 782 Sed
321 744 416 793 quid
437 752 495 782 est
516 746 675 783 tandem
698 747 806 794 quod
827 747 1097 795 perhorrescas
1119 746 1209 796 quia
1230 755 1298 785 tuo
1319 747 1492 797 periculo
1515 759 1537 794 3

167 807 323 846 iubeam
346 809 464 847 libros
486 809 567 847 dari
591 810 788 848 Varroni?
845 811 974 849 Etiam
1003 825 1108 849 nunc
1129 812 1159 849 si
1181 812 1349 859 dubitas,
1372 814 1431 851 fac
1453 822 1494 851 ut

109 887 147 910 10
167 873 346 912 sciamus.
408 874 516 912 Nihil
538 882 595 912 est
622 874 727 913 enim
755 874 828 913 illis
855 876 1080 926 elegantius.
1139 879 1242 915 Volo
1262 879 1492 925 Varronem,

167 939 392 988 praesertim
415 953 505 976 cum
528 940 591 978 ille
613 940 833 988 desideret,
863 943 931 979 sed
953 950 1022 987 est,
1045 950 1087 979 ut
1108 942 1193 988 scis,

350 1004 463 1044 δεινὸς
492 1006 594 1054 ἀνήρ·
638 1006 736 1056 τάχα
765 1023 825 1043 κεν
855 1007 914 1043 καὶ
943 1007 1104 1045 ἀναίτιον
1132 1008 1309 1058 αἰτιόῳτο.

168 1069 229 1106 Ita
262 1069 356 1106 mihi
392 1082 508 1118 saepe
538 1069 704 1107 occurrit
735 1071 864 1108 vultus
896 1070 978 1108 eius
1009 1071 1207 1120 querentis
1242 1073 1404 1111 fortasse
1433 1074 1492 1111 vel

166 1133 253 1180 hoc,
278 1146 383 1171 meas
411 1133 528 1183 partis
556 1133 594 1170 in
620 1133 665 1171 iis
695 1133 801 1172 libris
831 1134 1029 1184 copiosius
1060 1137 1240 1174 defensas
1268 1150 1352 1174 esse
1373 1150 1491 1186 quam

106 1211 144 1243 15
166 1210 265 1244 suas,
298 1199 406 1247 quod
438 1211 501 1235 me
532 1199 689 1236 hercule
721 1212 801 1236 non
835 1212 920 1237 esse
952 1199 1163 1250 intelleges,
1195 1200 1225 1238 si
1258 1203 1419 1250 quando
1454 1201 1491 1239 in

166 1261 328 1311 Epirum
361 1262 522 1300 veneris.
583 1264 687 1300 Nam
719 1277 825 1302 nunc
860 1264 1062 1303 Alexionis
1094 1265 1269 1315 epistulis
1301 1266 1489 1304 cedimus.

165 1327 242 1365 Sed
275 1334 406 1365 tamen
438 1340 510 1377 ego
543 1341 623 1365 non
658 1329 824 1378 despero
856 1329 1063 1379 probatum
1100 1329 1143 1367 iri
1174 1330 1340 1368 Varroni
1370 1340 1407 1370 et
1438 1331 1490 1378 id,

164 1391 351 1441 quoniam
392 1391 611 1440 impensam
650 1392 814 1431 fecimus
852 1392 892 1430 in
932 1396 1178 1442 macrocolla,
1215 1395 1327 1433 facile
1366 1396 1492 1446 patior

163 1456 295 1494 teneri.
369 1457 447 1494 Sed
485 1455 602 1494 etiam
641 1464 759 1506 atque
798 1456 915 1494 etiam
955 1457 1055 1504 dico,
1093 1466 1161 1496 tuo
1199 1459 1373 1509 periculo
1412 1461 1487 1499 fiet.

105 1535 143 1557 20
163 1521 253 1569 Qua
283 1535 322 1559 re
352 1520 383 1559 si
414 1520 634 1567 addubitas,
663 1522 715 1559 ad
743 1524 907 1559 Brutum
939 1530 1206 1570 transeamus,
1234 1532 1292 1561 est
1322 1524 1427 1562 enim
1458 1525 1489 1563 is

162 1599 320 1635 quoque
351 1585 598 1624 Antiochius.
659 1587 695 1624 O
716 1586 975 1624 Academiam
1000 1587 1206 1625 volaticam
1231 1596 1269 1626 et
1299 1589 1358 1627 sui
1388 1589 1489 1628 simi-

160 1651 261 1688 lem!
303 1652 424 1689 modo
460 1652 547 1697 huc,
580 1652 702 1689 modo
736 1650 837 1689 illuc.
897 1653 985 1698 Sed,
1014 1666 1170 1701 quaeso,
1201 1653 1367 1702 epistula
1401 1668 1488 1693 mea

160 1716 211 1753 ad
232 1717 448 1753 Varronem
466 1717 632 1755 valdene
653 1715 722 1753 tibi
744 1715 919 1765 placuit?
977 1718 1084 1755 Male
1105 1716 1157 1754 mi
1178 1717 1226 1755 sit
1246 1717 1277 1756 si
1299 1732 1487 1768 umquam

162 1778 373 1829 quicquam
395 1788 474 1818 tam
503 1781 636 1819 enitar.
698 1782 802 1830 Ergo
827 1794 877 1818 ne
897 1781 1033 1819 Tironi
1062 1781 1221 1831 quidem
1250 1782 1392 1821 dictavi
1420 1782 1486 1833 qui

103 1860 141 1891 25
163 1852 262 1882 totas
282 1848 456 1897 περιοχὰς
476 1845 656 1896 persequi
679 1847 778 1884 solet
798 1847 868 1884 sed
890 1845 1099 1896 Spintharo
1121 1847 1350 1896 syllabatim.

204 1950 357 1985 XXVI
412 1954 481 1986 Ssr.
501 1954 536 1985 in
559 1955 743 1985 Tusculano
752 1955 837 1996 prid.
860 1954 910 1986 Id.
931 1954 1011 1986 Mai.
1033 1966 1062 1987 α.
1085 1966 1143 1996 709
1162 1956 1244 1997 (45).

565 2032 736 2063 CICERO
760 2032 943 2063 ATTICO
973 2031 1080 2064 SAL.

217 2101 276 2138 Ι)6
290 2101 435 2150 Vergili
456 2109 564 2151 parte
579 2103 693 2140 valde
713 2103 849 2151 probo.
894 2102 956 2141 Sic
977 2116 1067 2152 ages
1089 2103 1212 2153 igitur.
1257 2105 1307 2142 Et
1323 2104 1483 2154 quidem
1505 2118 1521 2144 1

159 2164 200 2203 id
216 2165 285 2203 erit
307 2165 486 2215 primum,
503 2166 722 2216 proximum
737 2167 913 2206 Clodiae.
955 2169 1076 2216 Quod
1093 2168 1123 2206 si
1140 2176 1332 2216 neutrum,
1350 2177 1483 2209 metuo

206 2278 243 2306 14
268 2269 372 2308 partis
390 2270 423 2299 in
443 2270 482 2300 iis
502 2269 564 2301 (vel
578 2270 644 2303 his]
664 2269 780 2300 EORs
795 2270 867 2301 Ber.
888 2271 928 2302 I:
954 2271 1160 2311 parcissimis
1177 2271 1219 2302 M
1352 2283 1389 2312 15
1415 2283 1481 2304 non

160 2321 235 2342 esse
253 2312 420 2351 intell'ges
434 2312 521 2344 codd.
533 2317 696 2352 praeterA
711 2313 798 2344 Crat.
820 2324 827 2344 τ
852 2314 1023 2353 intelliges
1040 2326 1106 2346 non
1126 2326 1201 2346 esse
1218 2321 1246 2347 Δ
1326 2327 1367 2355 24
1393 2316 1482 2355 Ergo

160 2364 202 2385 ne
222 2355 346 2385 Sclu'itz
364 2368 370 2386 :
411 2356 500 2394 Ergo
526 2361 559 2386 at
588 2367 651 2393 ego
681 2367 723 2387 ne
747 2356 835 2388 codd.
860 2358 918 2388 ubi
939 2363 973 2388 at
992 2369 1056 2397 ego
1076 2369 1115 2389 ex
1131 2359 1327 2400 glossemate
1348 2360 1387 2391 al.
1418 2370 1482 2399 ego

159 2401 269 2428 ortum
287 2410 351 2429 esse
361 2403 460 2439 putat
476 2399 560 2429 Boot
576 2411 582 2430 z
607 2399 712 2440 ἔργον.
759 2400 805 2431 At
821 2411 886 2440 ego
904 2401 1024 2432 Rosius
1159 2413 1200 2442 29
1225 2404 1416 2443 proximum
1435 2403 1463 2434 C
1475 2415 1483 2433 :

159 2441 340 2473 maximum
358 2442 399 2472 M

1335 2490 1396 2522 30*
