1827 2798
626 405 797 442 LIBER
836 405 1044 443 SEXTVS
1090 406 1343 445 DECIMVs

737 503 840 550 AD
893 504 1231 551 ATTICVM

356 609 380 644 Ῑ
568 612 636 645 Ser.
657 614 690 644 in
708 613 889 645 Puteolano
904 615 964 645 viii
977 614 1025 646 Id.
1048 615 1159 654 Quint.
1181 626 1211 647 a.
1233 625 1290 655 710
1308 616 1398 657 (44).

737 702 911 734 CICERO
936 703 1109 734 ATTICO
1137 703 1232 735 SAL.

277 804 294 831 Ι
369 791 506 829 NOle
539 791 784 841 Quintilibus
812 792 902 831 veni
937 793 976 830 in
1008 795 1282 832 Puteolanum.
1343 793 1536 833 Postridie
1565 794 1649 833 iens

312 857 363 894 ad
386 858 551 894 Brutum
572 857 612 894 in
634 857 825 895 Nesidem
847 859 944 896 haec
965 858 1110 908 scripsi.
1171 860 1249 897 Sed
1277 872 1324 897 eo
1352 859 1416 897 die
1437 873 1516 909 quo
1538 874 1650 898 vene-

312 934 395 959 ram
415 921 571 959 cenanti
595 924 693 960 Eros
714 929 799 960 tuas
824 922 980 960 litteras.
1042 924 1187 961 Itane?
1234 935 1362 961 NONIS
1387 926 1540 962 IVLIIS?
1598 925 1649 963 Di
1670 937 1686 968 5

312 988 469 1024 hercule
503 986 611 1024 istis!
670 988 747 1025 Sed
787 988 1022 1026 stomachari
1061 996 1188 1025 totum
1228 988 1333 1026 diem
1372 988 1472 1027 licet.
1533 990 1651 1038 Quic-

313 1066 485 1102 quamne
519 1052 669 1102 turpius
708 1066 827 1102 quam
868 1055 990 1091 Bruto
1031 1055 1191 1092 1VL11s?
1249 1055 1389 1092 Redeo
1427 1056 1478 1093 ad
1517 1069 1649 1093 meum

269 1126 293 1152 2
313 1116 427 1166 igitur
457 1117 528 1155 ιἔτ’
552 1119 711 1167 ἐῶμεν;7
743 1117 852 1155 Nihil
882 1117 972 1155 vidi.
1033 1119 1110 1156 Sed
1141 1118 1237 1168 quid
1267 1126 1334 1165 est,
1359 1132 1517 1168 quaeso,
1541 1121 1650 1169 quod

311 1181 503 1231 agripetas
535 1182 716 1220 Buthroti
750 1182 931 1220 concisos
965 1182 1117 1220 audio?
1174 1182 1283 1231 Quid
1317 1190 1449 1220 autern
1480 1185 1648 1221 Plancus

311 1253 391 1284 tam
412 1247 555 1285 cursim
577 1246 647 1298 (ita
671 1247 776 1285 enim
807 1246 1077 1296 inaudiebam)
1100 1247 1204 1286 diem
1233 1255 1271 1285 et
1298 1250 1489 1286 noctem?
1546 1250 1648 1287 Sane
1672 1263 1709 1284 10

266 1325 291 1361 3
310 1311 428 1361 cupio
455 1312 552 1350 scire
579 1312 675 1362 quid
702 1312 760 1350 sit.
822 1314 956 1350 Meam
988 1312 1272 1362 profectionem
1302 1312 1450 1350 laudari
1479 1315 1645 1363 gaudeo.

310 1376 540 1415 Videndum
568 1385 626 1415 est
656 1385 698 1415 ut
728 1376 882 1414 mansio
911 1378 1101 1414 laudetur.
1164 1379 1363 1425 Dymaeos
1391 1390 1485 1426 agro
1514 1379 1648 1427 pulsos

310 1455 415 1480 mare
441 1441 626 1480 infestum
652 1443 796 1480 habere
824 1441 877 1479 nil
905 1441 1058 1479 mirum.
1116 1440 1183 1480 Ἐν
1207 1443 1394 1492 ὁμοπλοίᾳ
1415 1441 1524 1480 Bruti
1544 1442 1648 1480 vide-

308 1514 369 1545 tur
392 1507 541 1557 aliquid
569 1507 738 1557 praesidi
766 1521 862 1554 esse,
886 1508 967 1553 sed,
991 1507 1143 1557 opinor,
1166 1506 1318 1545 minuta
1344 1506 1507 1556 navigia.
1568 1509 1646 1545 Sed

261 1582 288 1619 4
308 1572 386 1610 iam
417 1573 538 1611 sciam
569 1581 607 1611 et
635 1574 687 1611 ad
716 1580 754 1610 te
783 1586 878 1610 cras.
940 1574 1002 1610 De
1022 1572 1212 1611 Ventidio
1237 1574 1390 1611 πανικὸν
1416 1579 1523 1622 puto.
1583 1573 1646 1610 De
1670 1585 1705 1616 15

306 1640 425 1677 Sexto
448 1652 519 1689 pro
546 1646 652 1677 certo
679 1638 898 1676 habebatur
919 1638 992 1677 †ad
1013 1641 1155 1677 armai:
1217 1638 1338 1686 Quod
1366 1637 1397 1675 si
1418 1650 1553 1675 verum
1574 1646 1644 1683 est,

306 1703 389 1742 sine
423 1705 528 1742 bello
562 1703 665 1741 civili
696 1703 813 1741 video
844 1702 1105 1740 serviendum.
1167 1702 1275 1751 Quid
1308 1704 1431 1752 ergo?
1474 1703 1528 1739 ad
1555 1703 1643 1739 Kal.

307 1771 390 1807 Ian.
424 1768 464 1806 in
497 1770 625 1806 Pansa
658 1770 777 1818 spes?
832 1770 956 1817 Λῆρος
989 1768 1106 1807 πολὺς
1139 1766 1180 1804 in
1218 1767 1309 1805 vino
1349 1775 1386 1805 et
1424 1765 1465 1804 in
1504 1779 1645 1804 somno

306 1833 481 1871 istorum.

262 1905 287 1943 5
362 1901 423 1937 De
447 1899 529 1936 ἓᾱ
555 1897 714 1948 optime.
775 1897 978 1937 Ciceronis
1008 1897 1178 1935 rationes
1208 1896 1460 1947 explicentur.
1521 1895 1644 1935 Ovius
1667 1910 1706 1931 20

304 1963 409 2002 enirn
439 1977 585 2002 recens.
647 1965 686 2002 Is
714 1965 836 2001 multa
861 1977 961 2013 quae
989 1964 1140 2009 vellem,
1164 1962 1203 2000 in
1232 1962 1277 2000 iis
1302 1976 1351 2000 ne
1379 1963 1455 2000 hoc
1482 1961 1644 2011 quidem

304 2031 450 2067 malum
490 2029 553 2069 †in
593 2029 788 2067 mandatis
828 2029 858 2066 si
898 2029 1110 2067 habunde†
1146 2029 1217 2066 HS
1257 2039 1374 2064 Lxxu
1415 2026 1507 2064 satis
1546 2040 1640 2073 esse,

347 2144 366 2172 3
392 2133 561 2164 Postridie
592 2127 673 2163 ΕΖΜ
699 2144 762 2164 v.c.
794 2132 821 2162 L
842 2131 1006 2173 (margfflss
1045 2142 1110 2162 ozn.
1140 2134 1194 2162 ΣΔ
1334 2131 1407 2161 iens
1440 2129 1641 2161 Ascensius:

304 2179 389 2208 ssens
409 2178 449 2207 M
587 2178 607 2207 8
632 2176 692 2207 (ἴτ’
710 2177 803 2214 ἴωμεν
816 2176 822 2187 ’
842 2177 929 2207 Reid
1017 2176 1110 2205 Nihil
1128 2175 1196 2205 vidi
1212 2179 1284 2214 pos!
1301 2184 1406 2204 1VL115
1426 2175 1459 2211 (l.
1483 2176 1515 2212 7)
1535 2177 1642 2204 trans-

300 2222 409 2261 posuit
426 2222 509 2251 Boot
621 2231 659 2251 10
685 2221 898 2251 inaudiebam
924 2219 1040 2249 Lamb.
1061 2231 1067 2249 z
1094 2219 1281 2248 mediabam
1298 2218 1348 2248 M:
1373 2218 1548 2248 audiebam
1575 2228 1602 2248 v.
1618 2229 1641 2248 r.

308 2266 333 2295 L
360 2266 501 2303 (κων-φ)
528 2265 622 2295 Man.
809 2275 846 2294 12
871 2264 1063 2294 Videndum
1084 2287 1090 2293 .
1110 2286 1116 2293 .
1136 2286 1143 2293 .
1166 2262 1322 2292 laudetur
1342 2265 1417 2301 post
1440 2261 1558 2290 mirum
1583 2261 1640 2290 M:

306 2309 507 2348 transposuit
535 2308 668 2338 Ernesli
812 2309 850 2337 16
875 2307 963 2337 haud
984 2307 1025 2337 ad
1043 2316 1135 2336 arma
1157 2306 1235 2336 coni.
1259 2305 1375 2336 Orelli:
1402 2305 1534 2335 abicere
1551 2315 1644 2334 arma

306 2353 384 2383 coni.
408 2353 503 2382 Klots
654 2363 687 2390 ¹7
714 2352 755 2381 ad
773 2362 802 2381 v.
820 2362 841 2381 c.
863 2350 890 2379 L
910 2352 1051 2388 <xtt1m·g.N
1070 2346 1131 2380 2⁶:
1157 2359 1223 2379 om.
1243 2347 1284 2378 M
1424 2359 1465 2378 22
1490 2347 1523 2377 in
1551 2358 1642 2377 man-

306 2397 394 2426 datis
418 2401 468 2426 sat
493 2396 551 2436 ‘gsit
577 2395 663 2425 codd.
693 2394 901 2435 lllalaspinae
926 2397 953 2423 el
979 2388 1041 2434 Zb)
1067 2393 1202 2423 abunde
1229 2391 1322 2422 Man.
1343 2402 1350 2421 :
1384 2391 1441 2422 del.
1470 2391 1587 2422 Lamb.
1608 2394 1645 2421 ut

302 2441 466 2480 glossema
481 2438 738 2479 scrlplort'sfissi
