1827 2798
190 132 262 170 XI.
281 131 374 168 xvii
676 132 731 169 M.
764 130 932 167 TVLLI
964 130 1269 169 CICERONIS

347 313 482 347 XVII
528 314 595 348 Scr.
614 315 872 355 Brundisiprid.
895 315 943 346 Id.
967 320 1027 346 aut
1041 316 1090 348 Id.
1109 316 1185 348 lim.
1207 327 1236 348 α.
1260 327 1318 357 707
1336 318 1420 359 (47).

717 411 894 442 CICERO
918 412 1090 443 ATTICO
1117 412 1217 444 SAL.

265 509 281 536 1
357 499 662 550 Properantibus
680 499 889 538 tabellariis
910 499 1045 538 alienis
1067 501 1169 539 hanc
1191 500 1398 550 epistulam
1416 501 1519 540 dedi.
1571 503 1631 539 Eo

301 564 454 603 brevior
488 572 546 603 est
576 573 614 603 et
645 566 754 615 quod
787 579 891 603 eram
927 565 1114 604 missurus
1146 574 1312 605 nostros,
1384 566 1515 604 Tullia
1544 581 1631 604 mea

300 629 407 668 venit
426 631 478 668 ad
505 643 569 668 me
592 643 646 680 pr.
672 631 769 668 Idus
796 629 930 667 Iunias
955 631 1085 679 deque
1112 638 1179 669 tua
1205 644 1294 680 erga
1318 644 1359 669 se
1384 631 1631 671 observantia
1655 644 1668 651 ·

301 695 656 745 benevolentiaque
686 695 783 733 mihi
812 695 979 745 plurima
1008 695 1187 745 exposuit
1207 696 1434 746 litterasque
1460 696 1632 735 reddidit

300 761 428 799 trinas.
481 762 566 810 Ego
586 767 719 798 autem
740 774 787 798 ex
806 760 928 810 ipsius
948 760 1099 808 virtute,
1115 760 1369 808 humanitate,
1385 761 1530 811 pietate
1550 775 1632 800 non

301 827 422 864 modo
451 839 538 864 eam
566 827 809 875 voluptatem
838 838 920 863 non
949 825 1037 875 cepi
1060 839 1179 875 quam
1210 839 1348 876 capere
1374 840 1421 864 ex
1448 826 1632 876 singulari

301 890 378 928 filia
405 889 526 928 debui
557 891 626 928 sed
657 889 775 928 etiam
807 888 1029 927 incredibili
1063 903 1150 927 sum
1180 891 1317 928 dolore
1346 891 1524 929 adfectus
1554 894 1632 930 tale

300 954 499 1005 ingenium
522 955 562 992 in
582 963 662 993 tam
685 954 826 993 misera
845 956 1002 992 fortuna
1020 954 1162 993 versari
1182 954 1304 1005 idque
1322 955 1502 994 accidere
1520 958 1631 995 nullo

300 1020 419 1069 ipsius
444 1020 589 1058 delicto
613 1034 770 1058 summa
796 1022 912 1070 culpa
941 1033 1039 1058 mea.
1100 1021 1240 1069 Itaque
1269 1034 1292 1058 a
1315 1028 1353 1058 te
1382 1035 1512 1070 neque
1541 1035 1632 1059 con-

300 1084 533 1123 solationem
554 1084 632 1122 iam
654 1098 732 1134 qua
752 1098 895 1134 cupere
916 1093 953 1124 te
974 1084 1031 1122 uti
1050 1084 1167 1124 video
1195 1098 1268 1123 nec
1292 1085 1500 1123 consilium
1522 1088 1631 1135 quod

300 1149 387 1199 capi
411 1151 562 1187 nullum
583 1157 713 1199 potest
740 1158 926 1199 exspecto
953 1158 1071 1199 teque
1096 1149 1230 1188 omnia
1250 1164 1341 1188 cum
1365 1150 1630 1200 superioribus

299 1227 417 1264 saepe
437 1213 571 1252 litteris
592 1222 676 1253 tum
698 1214 884 1265 proximis
905 1222 1118 1267 temptasse
1139 1214 1334 1265 intellego.

344 1367 478 1401 XVII
492 1378 516 1402 a
604 1369 674 1402 Ser.
693 1371 855 1401 Brundisi
868 1373 938 1402 xvii
951 1371 992 1402 K.
1016 1371 1129 1411 Quint.
1150 1382 1179 1402 α.
1203 1382 1261 1411 707
1279 1370 1364 1412 (47).

713 1459 883 1494 CICERO
906 1459 1088 1490 ATTICO
1111 1459 1218 1491 SAL.

229 1542 278 1592 (1)
355 1545 439 1591 Ego
486 1555 577 1580 cum
622 1541 806 1580 Sallustio
846 1542 1080 1581 Ciceronem
1128 1544 1179 1581 ad
1220 1543 1429 1581 Caesarem
1477 1542 1630 1581 mittere

299 1607 520 1657 cogitabam
537 1622 545 1653 3
575 1607 746 1645 Tulliam
777 1615 909 1645 autem
941 1621 1021 1645 non
1049 1607 1233 1646 videbam
1264 1620 1349 1645 esse
1379 1620 1537 1644 causam
1563 1621 1631 1645 cur

299 1672 445 1711 diutius
490 1685 645 1710 mecum
694 1680 803 1710 tanto
852 1672 891 1709 in
940 1672 1143 1710 communi
1192 1686 1366 1710 maerore
1410 1672 1627 1710 retinerem.

301 1739 441 1787 Itaque
476 1736 588 1774 matri
620 1750 717 1783 eam,
751 1750 841 1774 cum
878 1736 1047 1787 primum
1084 1752 1152 1788 per
1187 1737 1312 1787 ipsam
1347 1736 1490 1783 liceret,
1525 1750 1629 1775 eram

298 1803 539 1841 remissurus.
600 1803 733 1847 Paeto,
751 1806 852 1851 †que
872 1803 923 1840 ad
946 1804 1110 1841 modum
1132 1802 1385 1840 consolandis
1406 1801 1627 1851 scripsisti†,

299 1876 436 1919 putato
466 1881 512 1905 ea
541 1880 605 1905 me
635 1866 834 1916 scripsisse
865 1881 966 1918 quae
996 1876 1036 1906 tu
1068 1868 1150 1918 ipse
1181 1867 1372 1917 intellegis
1402 1867 1629 1917 responderi

301 1932 485 1983 potuisse.

260 2006 284 2033 2
357 1999 477 2046 Quod
510 1998 686 2048 Oppium
719 2006 850 2037 tecum
886 1998 1022 2037 scribis
1057 2000 1245 2045 locutum,
1281 2012 1359 2036 non
1394 1998 1578 2035 abhorret
1608 2011 1630 2035 a

302 2076 388 2101 mea
423 2062 646 2113 suspicione
686 2063 768 2102 eius
808 2064 941 2102 oratio.
1006 2065 1084 2101 Sed
1124 2077 1204 2101 non
1244 2063 1383 2101 dubito
1418 2062 1513 2112 quin
1548 2062 1629 2100 istis
1652 2078 1687 2107 ι,-

347 2176 383 2204 15
407 2168 482 2197 lzinr
498 2178 619 2198 novam
638 2168 810 2207 epistulam
829 2168 937 2207 incipit
953 2166 1103 2197 Schmidt
1221 2178 1262 2197 20
1280 2168 1376 2197 matri
1396 2178 1469 2197 eam
1487 2167 1606 2197 Rosius
1622 2178 1628 2197 z

300 2212 455 2241 ematiam
469 2211 524 2241 AM:
544 2222 616 2241 eam
631 2211 689 2241 tibi
705 2212 767 2242 iam
781 2212 808 2241 L
823 2213 976 2251 (margstt
998 2211 1142 2250 Egnatia
1155 2221 1227 2241 eam
1240 2211 1389 2241 Sclimtdl
1463 2221 1501 2240 21
1523 2211 1630 2241 Paeto

300 2255 451 2284 Sclnnidt
477 2254 618 2284 M1‘1'ller:
653 2265 714 2294 pro
737 2266 777 2285 ea
799 2254 885 2285 codd.
905 2255 993 2294 vulg.
1085 2265 1184 2293 quam
1207 2255 1248 2284 ad
1272 2255 1405 2284 modurn
1424 2255 1631 2284 consolantis

301 2299 465 2337 scripsisti
494 2300 605 2338 vulg:
642 2299 698 2337 qui
728 2300 769 2329 ad
797 2300 929 2328 modum
955 2298 1164 2328 consolantis
1193 2299 1326 2337 scripsit
1352 2298 1431 2328 mihi
1456 2297 1629 2328 Schmidt:

300 2352 397 2380 quern
417 2343 458 2372 ad
478 2344 611 2372 modum
632 2343 821 2373 consulenti
838 2343 1000 2381 scripsisti
1020 2341 1143 2371 Mt'iller
1266 2352 1306 2371 22
1332 2346 1446 2380 putato
1465 2352 1504 2371 ea
1522 2340 1629 2370 Mala-

300 2385 415 2425 spina:
453 2385 487 2415 P.
508 2390 600 2415 tanta
622 2396 662 2415 eo
686 2385 798 2416 codd.:
835 2386 936 2425 pudet
962 2390 1053 2416 tanta
1076 2396 1117 2415 eo
1143 2385 1170 2416 C
1189 2396 1228 2416 ex
1249 2385 1327 2415 coni.
1347 2384 1486 2415 Ascensi
1502 2384 1562 2425 (ed.
1587 2386 1627 2426 1),

301 2430 336 2468 cs.
357 2429 532 2459 Lehmann
553 2428 655 2460 ‘Att.'
673 2439 724 2469 59,
745 2431 787 2459 60
