1827 2798
127 998 165 1019 10

128 1649 166 1670 20

589 157 701 195 EPP.
734 158 812 195 AD
842 157 1127 197 ATTICVM‘
1441 160 1488 196 X.
1512 170 1542 195 v

184 265 401 314 liberaliter,
436 266 533 305 nihil
566 281 712 306 accuso
750 268 952 307 hominem
992 268 1206 319 scripsique
1236 270 1287 308 ad
1321 283 1411 308 eum
1447 283 1510 308 me

182 344 205 369 a
238 339 276 369 te
307 331 510 370 certiorem
545 346 631 371 esse
669 334 827 372 factum.
886 336 948 371 Tu
983 335 1033 372 de
1067 342 1135 371 tuo
1173 334 1310 373 itinere
1342 334 1437 384 quid
1472 342 1510 372 et

183 397 344 445 quando
378 396 525 446 cogites
555 397 673 436 velim
708 412 772 437 me
803 398 1007 437 certiorem
1040 399 1169 438 facias.
1228 401 1276 437 A.
1305 400 1344 437 d.
1369 410 1426 436 xv
1457 401 1508 438 K.

184 460 322 499 Maias.

224 623 292 659 VI
436 626 507 660 Scr.
526 628 560 659 in
578 627 733 660 Cumano
750 627 856 660 medio
872 639 915 660 m.
935 628 1019 670 Apr.
1039 639 1069 661 α.
1092 638 1147 668 705
1166 626 1256 670 (49).

597 711 768 742 CICERO
790 710 969 741 ATTICO
992 709 1101 741 SAL.

239 790 307 828 Me
340 790 473 828 adhuc
506 789 603 827 nihil
637 797 788 839 praeter
819 796 1091 838 tempestatem
1126 795 1308 826 moratur.
1367 788 1508 824 Astute
1529 796 1546 824 1

184 853 280 891 nihil
320 867 406 891 sum
445 862 613 901 acturus,
645 855 711 891 fiat
745 853 784 890 in
821 853 1017 902 Hispania
1050 852 1266 902 quidlibet:
1310 859 1348 889 et
1377 859 1508 888 tamen

185 918 344 957 †recitet
365 922 439 959 et†.
490 921 603 956 Meas
619 918 877 967 cogitationes
898 917 1027 955 omnis
1047 916 1236 966 explicavi
1252 916 1322 954 tibi
1342 914 1512 964 superio-

186 983 291 1021 ribus
321 983 466 1021 litteris.
527 983 723 1031 Quocirca
752 984 826 1020 hae
855 989 947 1020 sunt
976 982 1123 1027 breves,
1147 987 1209 1021 ‘'set
1238 985 1394 1019 tamen†
1419 979 1511 1029 quia

185 1048 418 1086 festinabam
441 1060 627 1097 eramque
648 1047 885 1097 occupatior.

240 1114 301 1151 De
316 1112 466 1160 Quinto
487 1111 565 1150 filic
587 1112 630 1149 fit
649 1125 672 1149 a
692 1125 755 1149 me
768 1111 927 1160 quidem
950 1112 1088 1148 sedulo
1103 1125 1113 1157 3
1136 1111 1206 1148 sed
1226 1108 1328 1147 nosti
1349 1108 1506 1158 reliqua.
1529 1119 1554 1146 2

186 1178 306 1225 Quod
326 1176 417 1214 dein
439 1190 502 1214 me
523 1189 672 1223 mones,
691 1183 729 1214 et
749 1175 875 1214 amice
895 1183 933 1213 et
953 1176 1166 1224 prudenter
1186 1188 1248 1212 me
1269 1186 1416 1219 mones,
1441 1174 1511 1210 sed

184 1250 297 1280 erunt
323 1241 456 1279 omnia
485 1240 613 1279 facilia
641 1240 671 1278 si
701 1241 752 1278 ab
782 1253 862 1278 uno
890 1239 956 1277 illo
987 1252 1135 1277 cavero.
1197 1240 1388 1287 Magnum
1414 1250 1512 1286 opus

184 1314 255 1353 est,
276 1305 467 1343 mirabilia
491 1307 623 1352 multa,
647 1305 743 1342 nihil
773 1304 946 1353 simplex,
970 1304 1066 1341 nihil
1094 1303 1299 1341 sincerum.
1358 1303 1512 1340 Vellem

185 1371 421 1421 suscepisses
455 1370 638 1409 iuvenem
672 1371 914 1419 regendum3
958 1377 1067 1418 pater
1100 1367 1205 1406 enim
1240 1366 1355 1405 nimis
1388 1366 1514 1404 indul-

184 1450 289 1486 gens,
317 1436 505 1486 quicquid
535 1449 607 1485 ego
636 1434 822 1473 adstrinxi
852 1437 1005 1473 relaxat.
1066 1433 1104 1472 Si
1134 1433 1217 1471 sine
1247 1432 1313 1470 illo
1342 1445 1511 1481 possem,

185 1516 381 1552 regerem3
412 1502 520 1551 quod
545 1509 587 1539 tu
611 1508 734 1551 potes,
792 1501 871 1538 Sed
895 1500 1056 1549 ignosco
1073 1512 1083 1546 3
1117 1510 1314 1547 magnum,
1338 1496 1511 1546 inquam,

186 1581 284 1617 opus
305 1575 372 1605 est.

241 1632 475 1681 Pompeium
496 1645 566 1681 pro
593 1638 700 1669 certo
729 1630 921 1668 habemus
949 1643 1016 1679 per
1037 1627 1235 1678 Illyricum
1257 1626 1449 1678 proficisci
1472 1626 1509 1663 in
1531 1636 1555 1674 3

187 1696 366 1735 Galliam.
427 1698 511 1746 Ego
531 1709 637 1734 nunc
658 1709 736 1746 qua
756 1703 794 1734 et
815 1708 894 1745 quo
915 1694 1070 1733 videbo.

228 1841 320 1876 VII
453 1843 522 1875 Scr.
543 1844 575 1874 in
595 1843 748 1875 Cumano
764 1844 831 1874 circ.
851 1843 885 1873 ix
901 1843 943 1873 K.
966 1842 1046 1873 Mai.
1069 1852 1101 1874 a.
1121 1852 1175 1882 705
1192 1841 1281 1882 (49).

599 1925 768 1957 CICERO
790 1924 971 1956 ATTICO
995 1923 1102 1955 SAL.

242 2000 327 2049 Ego
346 2012 438 2037 vero
459 1998 644 2048 Apuliam
666 2006 703 2036 et
724 1997 932 2047 Sipontum
960 2004 997 2034 et
1021 1994 1378 2045 tergiversationem
1400 1994 1511 2032 istam
1534 2002 1550 2028 1

187 2064 312 2113 probo
341 2077 414 2101 nec
444 2071 551 2101 tuam
581 2063 771 2100 rationem
801 2063 968 2100 eandem
999 2074 1082 2098 esse
1103 2061 1207 2098 duco
1228 2073 1346 2108 quarn
1373 2072 1511 2105 meam,

187 2141 267 2166 non
298 2127 393 2176 quin
423 2127 462 2165 in
492 2140 531 2165 re
560 2127 718 2176 publica
747 2134 894 2164 rectum
927 2125 1032 2163 idern
1063 2124 1111 2162 sit
1140 2123 1293 2173 utrique
1323 2132 1511 2169 nostrum,

230 2241 252 2270 9
275 2231 394 2261 recitet
416 2235 449 2260 et
473 2224 576 2259 MZb:
613 2230 771 2260 reticeret
793 2222 853 2259 Zl:
889 2229 993 2258 retice
1017 2228 1114 2258 Visa:
1148 2227 1197 2257 ire
1222 2231 1350 2257 certum
1377 2231 1428 2256 est
1453 2226 1519 2259 (vel

186 2274 291 2304 simile
314 2273 405 2313 quid]
430 2273 634 2312 Wesenberg:
671 2273 718 2302 ire
746 2273 861 2302 licebit
884 2271 1055 2303 Sclnm'dt:
1093 2281 1146 2301 res
1174 2276 1258 2306 stat;
1293 2268 1378 2300 ἰτέον
1401 2269 1519 2308 Tyrrcll

191 2328 230 2348 10
255 2322 288 2348 et
313 2322 425 2348 tamen
442 2318 520 2355 fort.
546 2315 717 2346 delendmrn
745 2319 780 2345 ut
800 2327 839 2345 ex
857 2316 1011 2355 proximo
1035 2318 1170 2344 orsum:
1202 2314 1303 2343 etiam
1325 2313 1514 2352 Malaspism

191 2372 227 2391 12
253 2361 321 2390 filio
341 2360 506 2390 Corradus
521 2372 527 2390 :
553 2360 655 2390 fratre
674 2358 715 2388 M
790 2359 827 2388 fit
844 2370 862 2389 a
879 2359 1021 2388 Rosius:
1047 2358 1092 2388 ita
1108 2357 1147 2388 M
1160 2368 1166 2387 :
1181 2358 1261 2395 sort.
1284 2357 1384 2387 Cicero
1400 2356 1514 2386 lauda—

186 2404 242 2434 bat
263 2404 387 2434 Terenti
400 2403 568 2443 Adelphos
590 2402 634 2433 iii.
655 2413 683 2441 3.
704 2404 757 2441 60,
776 2404 814 2432 61
844 2403 1023 2441 (413—414)
1160 2401 1289 2440 sedulo,
1318 2399 1513 2431 sed—nosti

186 2447 276 2488 vulg.
417 2457 454 2486 13
479 2457 532 2477 me
548 2456 665 2477 mones
685 2445 731 2476 C:
756 2455 923 2476 memores
941 2445 995 2474 Μ1
