1827 2798
558 148 670 185 EPP.
702 147 780 184 AD
808 146 1070 185 ATTICVM
1428 143 1538 180 XVI.
1563 152 1623 177 xv

150 265 216 296 est.
275 258 499 297 Terentiam
539 258 659 297 dico?
701 258 775 297 scis
813 272 885 296 nos
923 257 1076 308 pridem
1114 256 1191 295 iam
1225 253 1475 294 constituisse

150 323 333 361 Montani
367 324 527 362 nomine
567 326 637 362 HS
671 325 759 361 >W
789 323 1011 362 dissolvere.
1075 321 1365 360 Pudentissime
1398 321 1475 358 hoc

149 388 288 427 Cicero
317 388 479 438 petierat
508 396 550 426 ut
580 390 658 427 fide
687 402 766 426 sua.
828 387 1130 434 Liberalissime,
1151 394 1192 424 ut
1219 385 1289 424 tibi
1316 398 1475 435 quoque

148 454 356 503 placuerat,
379 453 632 503 promiseram
655 453 843 502 Erotique
864 452 1036 490 dixeram
1057 459 1100 489 ut
1120 451 1334 500 sepositum
1359 450 1476 488 habe-

111 531 128 563 5
148 525 214 555 ret.
275 519 368 555 Non
389 519 569 558 †m0do†
589 518 659 555 sed
683 517 929 566 iniquissimo
953 518 1111 554 faenore
1132 529 1327 553 versuram
1349 516 1475 553 facere

148 582 328 619 Aurelius
359 589 518 619 coactus
550 589 618 619 est.
678 582 781 619 Nam
811 582 861 619 de
882 568 1091 618 Terentiae
1120 579 1280 617 nomine
1301 579 1395 616 Tiro
1422 579 1474 616 ad

148 659 211 684 me
234 646 385 695 scripsit
406 653 443 683 te
464 646 594 684 dicere
620 659 804 683 nummos
830 659 853 682 a
875 645 1084 683 Dolabella
1103 645 1195 682 fore.
1256 644 1363 680 Male
1384 656 1475 680 eum

147 712 265 749 eredo
294 710 539 757 intellexisse,
569 710 599 748 si
629 710 837 760 quisquam
868 711 969 748 male
998 708 1197 759 intellegit,
1220 708 1349 758 potius
1379 706 1476 744 nihil

147 775 390 814 intellexisse.
449 777 511 813 Tu
542 776 646 814 enim
676 777 727 814 ad
762 789 825 813 me
854 774 1039 825 scripsisti
1069 774 1214 813 Coccei
1243 785 1476 822 responsum

90 854 129 876 10
147 848 185 879 et
211 840 337 879 isdem
365 854 491 890 paene
520 840 647 879 verbis
669 842 777 878 Eros.
835 838 1090 878 Veniendum
1119 846 1178 877 est
1206 837 1320 887 igitur
1345 838 1407 875 vel
1435 835 1475 873 in
1494 838 1522 875 6

146 905 270 955 ipsam
297 906 507 943 flammam.
566 905 736 954 Turpius
765 912 823 942 est
853 904 958 942 enim
985 902 1163 953 privatim
1190 904 1329 940 cadere
1356 914 1475 950 quam

146 969 315 1019 publice.
386 971 526 1020 Itaque
555 969 692 1008 ceteris
722 971 771 1007 de
802 969 917 1007 rebus
947 982 1044 1018 quas
1073 969 1123 1006 ad
1153 981 1217 1005 me
1246 965 1474 1005 suavissime

147 1034 332 1084 scripsisti
352 1035 577 1084 perturbato
603 1034 736 1072 animo
763 1047 843 1071 non
867 1033 989 1083 potui,
1011 1040 1053 1071 ut
1079 1045 1322 1078 consueram,
1345 1031 1476 1069 rescri-

151 1099 251 1137 bere.
312 1099 519 1139 †consenti
546 1099 585 1136 in
613 1100 686 1136 hac
715 1112 821 1145 cura,
840 1098 908 1136 ubi
938 1102 1063 1144 sum†‚
1087 1105 1129 1135 ut
1157 1111 1220 1134 me
1246 1096 1476 1146 expediam3

93 1177 130 1210 15
151 1164 294 1214 quibus
314 1172 445 1202 autem
467 1164 582 1202 rebus
603 1163 708 1201 venit
733 1163 893 1213 quidem
921 1162 1017 1200 mihi
1037 1162 1077 1200 in
1098 1169 1271 1200 mentem
1293 1163 1362 1199 sed
1383 1160 1477 1199 certi

150 1228 386 1266 constituere
413 1228 509 1265 nihil
530 1241 691 1277 possum
712 1227 816 1278 prius
838 1241 956 1277 quarn
977 1235 1015 1266 te
1035 1227 1180 1265 videro.
1241 1225 1320 1274 Qui
1348 1225 1477 1264 minus

148 1300 279 1331 autem
301 1306 373 1342 ego
393 1292 479 1330 istic
499 1299 603 1330 recte
623 1306 708 1330 esse
728 1292 876 1342 possim
897 1305 1016 1341 quam
1037 1299 1094 1329 est
1117 1292 1356 1329 Marcellus?
1399 1291 1478 1328 Sed

147 1370 226 1395 non
258 1356 298 1395 id
327 1357 452 1406 agitur
475 1369 605 1407 neque
638 1356 680 1395 id
711 1356 881 1395 maxime
914 1369 1034 1404 curo3
1067 1355 1164 1406 quid
1194 1369 1327 1394 curem
1354 1355 1474 1394 vides.

147 1422 302 1460 Adsum
322 1421 446 1471 igitur.

91 1634 134 1658 20
229 1625 341 1662 XVI
385 1628 456 1661 Scr.
476 1629 510 1660 in
532 1629 716 1661 Tusculano
734 1630 848 1714 τήίενζυ
864 1633 893 1715 e)l
902 1628 988 1671 prid.
1003 1629 1091 1661 Non.
1107 1628 1221 1669 Quint.
1235 1639 1268 1661 a.

730 1684 788 1713 710
827 1684 872 1713 44
891 1697 899 1704 ·

431 1773 606 1804 CICERO
636 1773 725 1805 SVO
760 1773 860 1805 SAL.
893 1773 981 1804 DIC.
1016 1772 1199 1804 ATTICO.

203 1873 514 1912 Iucundissimas
552 1881 637 1911 tuas
675 1873 750 1923 legi
788 1873 942 1911 litteras.
1003 1874 1068 1911 Ad
1102 1874 1292 1910 Plancum
1331 1871 1475 1923 scripsi,
1499 1885 1518 1912 1

149 1938 247 1976 misi.
316 1939 455 1976 Habes
493 1939 727 1987 exemplum.
792 1938 895 1976 Cum
924 1937 1071 1975 Tirone
1110 1937 1205 1986 quid
1244 1937 1291 1974 sit
1324 1939 1478 1975 locutus

93 2020 130 2051 ²5
150 2015 387 2051 cognoscam
425 2016 472 2040 ex
509 2002 605 2051 ipso.
684 2003 786 2041 Cum
830 2014 960 2040 sorore
1001 2015 1092 2051 ages
1134 2001 1330 2048 attentius,
1371 2001 1402 2039 si
1441 2010 1522 2040 te2

151 2067 410 2116 occupatione
439 2066 512 2104 ista
540 2066 729 2104 relaxaris.

196 2181 209 2200 1
228 2170 422 2200 Terentiam
447 2169 535 2200 codd.
552 2181 558 2199 ε
583 2170 764 2200 Terentiae
782 2171 860 2201 coni.
882 2176 934 2211 ap,
953 2169 1072 2202 Lamb.
1167 2182 1186 2210 3
1212 2177 1245 2201 ut
1264 2171 1330 2201 fide
1348 2181 1408 2201 sua
1424 2169 1478 2202 Z:

150 2220 185 2244 ut
199 2214 278 2244 inde
291 2214 354 2252 (vel
367 2214 459 2244 vide&
478 2223 539 2243 suo
552 2213 611 2244 M:
636 2215 681 2243 uti
700 2215 740 2243 de
759 2225 819 2244 suo
837 2225 865 2244 v.
878 2226 900 2245 c.
919 2218 978 2245 ets
995 2225 1033 2244 ex
1050 2214 1236 2253 coniectura,
1259 2219 1295 2244 ut
1310 2214 1374 2245 vid.
1458 2223 1477 2252 5

150 2257 265 2297 modo]
285 2258 418 2287 modico
434 2257 567 2288 Baiter:
592 2258 689 2287 rnodo
711 2268 778 2287 non
792 2258 870 2288 fecit
888 2257 917 2286 L
939 2258 1079 2297 (mm'g.)
1186 2268 1222 2296 14
1248 2258 1417 2288 contende
1442 2258 1477 2288 in

150 2302 212 2331 hae
226 2311 306 2331 cura
320 2311 448 2330 mecum
464 2301 550 2330 Boot
566 2313 572 2331 :
596 2301 758 2331 consenui
777 2302 809 2331 in
821 2301 882 2331 hac
894 2311 972 2331 cura
986 2301 1039 2331 ubi
1051 2311 1122 2331 sum
1137 2300 1296 2341 Madwgr:
1324 2302 1478 2332 consenti

150 2345 213 2375 hac
230 2355 310 2374 cura
327 2344 381 2374 ubi
398 2355 472 2374 sum
495 2344 630 2383 Tyrrcll:
657 2345 826 2375 contendo
844 2345 907 2374 iam
924 2343 1049 2374 Astura
1067 2345 1122 2374 ubi
1141 2356 1213 2375 sum
1231 2345 1350 2375 Gurlitt
1442 2353 1480 2383 15

151 2389 233 2418 certi
263 2388 385 2419 Orellz:
411 2392 502 2418 certe
530 2387 620 2419 codd.
770 2398 811 2428 24
835 2388 894 2429 sit]
924 2389 971 2418 sis
999 2387 1164 2419 Corradus

193 2481 254 2503 c1c.
275 2481 322 2501 AD
339 2481 411 2503 Αττ.
1348 2472 1389 2501 37
