1827 2798
581 163 694 200 EPP.
725 162 803 199 AD
834 160 1094 200 ATTICVM
1407 157 1504 196 XII.
1522 156 1600 194 xix

177 273 274 313 biles
288 273 370 312 fieri
383 281 549 324 possunt
562 273 602 312 in
615 273 768 312 infinita
783 272 1019 323 posteritate,
1034 271 1065 310 si
1079 272 1201 310 modo
1215 272 1314 309 haec
1330 269 1500 316 stabunt,

175 338 273 377 illud
308 338 419 389 quasi
455 346 730 377 consecratum
763 351 966 376 remanere
998 336 1132 387 possit.
1192 335 1390 386 Equidem
1423 334 1501 372 iam

175 403 273 441 nihil
312 416 408 453 egeo
439 403 695 454 vectigalibus
730 410 768 441 et
801 416 921 453 parvo
959 409 1168 439 contentus
1203 414 1287 439 esse
1325 412 1498 449 possum.

176 468 319 518 Cogito
357 468 558 506 interdum
597 475 703 506 trans
735 466 912 505 Tiberim
946 468 1080 504 hortos
1114 465 1266 515 aliquos
1299 477 1433 514 parare
1462 470 1501 501 et

138 549 155 580 5
175 532 338 582 quidem
366 533 419 571 ob
446 534 547 571 hanc
577 545 737 570 causam
767 531 959 569 maxime:
990 530 1086 568 nihil
1117 530 1222 568 enim
1248 529 1365 567 video
1392 529 1500 578 quod

175 604 255 635 tam
285 598 439 635 celebre
468 611 553 635 esse
583 596 717 647 possit.
778 597 856 634 Sed
887 608 997 645 quos,
1027 608 1158 633 coram
1188 593 1422 639 videbimus,
1448 592 1501 630 ita

175 669 308 699 tamen
329 669 371 699 ut
391 663 465 699 hac
485 669 631 699 aestate
652 662 787 698 fanum
808 660 1033 698 absolutum
1055 659 1113 697 sit.
1172 659 1236 695 Tu
1256 665 1388 696 tamen
1409 671 1500 695 cum

174 727 315 776 Apella
336 726 439 765 Chio
460 727 611 764 confice
631 727 682 764 de
702 724 907 763 columnis.

231 792 293 829 De
310 791 482 830 Cocceio
503 799 541 829 et
558 791 712 829 Libone
725 804 826 840 quae
847 789 982 828 scribis
1003 789 1192 840 approbo,
1208 787 1376 826 maxime
1392 787 1501 838 quod
1523 793 1548 821 2
1604 778 1605 781 Ἰ

119 868 159 891 10
177 856 227 893 de
247 854 421 894 iudicatu
448 869 548 894 meo.
610 858 672 894 De
696 868 844 905 sponsu
869 854 899 892 si
927 854 1023 904 quid
1050 853 1290 904 perspexeris
1310 860 1348 891 et
1368 859 1501 891 tamen

176 920 272 971 quid
292 929 562 970 procuratores
579 919 766 960 Cornifici
787 919 919 958 dicant
932 919 1048 956 velim
1070 918 1178 964 scire,
1201 918 1254 956 ita
1273 925 1315 956 ut
1335 917 1375 955 in
1396 931 1442 955 ea
1460 930 1502 955 re

175 993 224 1032 te,
240 998 330 1023 cum
351 993 431 1023 tam
452 992 667 1035 occupatus
683 984 746 1031 sis,
762 997 842 1022 non
863 985 1031 1021 multum
1048 996 1191 1032 operae
1204 982 1319 1020 velim
1340 995 1498 1032 ponere.

176 1051 239 1088 De
261 1049 439 1088 Antonio
464 1049 612 1086 Balbus
639 1061 798 1097 quoque
824 1048 876 1085 ad
906 1060 970 1085 me
996 1060 1087 1085 cum
1110 1046 1243 1096 Oppio
1270 1046 1502 1096 conscripsit

175 1114 295 1164 idque
321 1114 392 1153 tibi
420 1113 613 1163 placuisse
639 1126 689 1150 ne
715 1112 969 1162 perturbarer.
1031 1110 1113 1149 Illis
1143 1110 1204 1160 egi
1232 1110 1383 1161 gratias.
1442 1112 1501 1149 Te

117 1191 154 1224 15
176 1188 318 1226 tamen,
340 1187 383 1217 ut
403 1178 481 1217 iam
509 1186 600 1217 ante
625 1179 676 1216 ad
703 1185 741 1216 te
769 1177 915 1226 scripsi,
939 1176 1036 1215 scire
1057 1177 1147 1214 volo
1177 1188 1241 1213 me
1270 1188 1400 1225 neque
1426 1175 1501 1213 isto

175 1243 314 1283 nuntio
352 1257 437 1282 esse
476 1243 747 1294 perturbatum
786 1256 860 1280 nec
899 1242 976 1280 iam
1001 1243 1097 1279 ullo
1136 1240 1405 1291 perturbatum
1444 1239 1498 1277 iri.

174 1311 302 1347 Pansa
331 1309 362 1346 si
391 1308 522 1355 hodie,
544 1315 587 1346 ut
617 1307 794 1357 putabas,
823 1308 1021 1356 profectus
1055 1312 1123 1352 est,
1147 1306 1312 1355 posthac
1341 1303 1417 1342 iam
1448 1303 1502 1341 in-
1522 1310 1546 1348 3

174 1373 294 1424 cipito
323 1373 491 1411 scribere
517 1374 568 1411 ad
595 1386 659 1410 me
686 1373 736 1410 de
758 1371 868 1409 Bruti
898 1372 1071 1409 adventu
1099 1370 1195 1419 quid
1226 1376 1437 1419 exspectes,
1460 1368 1501 1406 id

174 1446 232 1476 est
252 1452 351 1488 quos
371 1440 422 1476 ad
443 1438 538 1476 dies.
599 1438 658 1483 Id,
683 1436 714 1475 si
734 1436 833 1475 scies
853 1435 922 1474 ubi
948 1435 1026 1473 iam
1054 1435 1113 1481 sit,
1137 1434 1249 1472 facile
1276 1433 1501 1472 coniectura

116 1517 156 1539 20
173 1504 401 1553 adsequere.

228 1568 349 1616 Quod
383 1568 435 1606 ad
465 1567 654 1605 Tironem
689 1567 739 1604 de
769 1565 955 1604 Terentia
989 1564 1136 1611 scribis,
1166 1565 1331 1602 obsecro
1364 1569 1414 1610 te,
1445 1562 1497 1600 mi
1516 1573 1544 1612 4

173 1632 314 1679 Attice,
348 1632 503 1681 suscipe
541 1638 668 1670 totum
707 1630 920 1681 negotium.
991 1629 1114 1668 Vides
1152 1636 1190 1667 et
1229 1628 1400 1667 officium
1438 1627 1500 1678 agi

174 1710 305 1735 meum
327 1698 531 1746 quoddam
559 1696 621 1734 cui
642 1704 683 1734 tu
705 1709 746 1734 es
771 1695 953 1733 conscius
975 1702 1024 1741 et,
1048 1702 1091 1732 ut
1118 1707 1199 1732 non
1226 1692 1323 1730 nulli
1348 1700 1498 1742 putant,

175 1761 376 1801 Ciceronis
406 1775 497 1800 rem.
560 1763 629 1799 Me
659 1760 821 1810 quidem
852 1759 893 1798 id
923 1761 1048 1798 multo
1078 1758 1201 1808 magis
1231 1765 1363 1796 movet
1392 1757 1501 1806 quod

117 1839 154 1870 25
175 1826 271 1864 mihi
287 1834 344 1864 est
360 1834 398 1864 et
415 1825 586 1864 sanctius
602 1834 640 1864 et
655 1825 866 1875 antiquius,
882 1824 1109 1875 praesertim
1127 1837 1218 1862 cum
1239 1824 1315 1862 hoc
1334 1824 1499 1861 alterum

174 1904 302 1941 neque
323 1890 517 1929 sincerum
538 1904 668 1940 neque
688 1891 844 1928 firmum
865 1897 1001 1940 putem
1023 1890 1115 1928 fore.

215 2037 302 2071 XX
508 2040 578 2071 Ser.
599 2040 746 2071 Asturae
762 2038 812 2071 Id.
831 2039 932 2072 Mart.
952 2051 981 2072 a.
1002 2050 1061 2080 709
1081 2039 1163 2081 (45).

571 2128 742 2159 CICERO
771 2128 955 2159 ATTICO
985 2128 1091 2159 SAL.

227 2217 419 2255 Nondum
439 2215 581 2254 videris
602 2216 821 2265 perspicere
842 2230 960 2266 quam
988 2230 1051 2254 me
1075 2230 1149 2254 nec
1170 2213 1368 2254 Antonius
1394 2226 1498 2252 com-
1517 2222 1534 2250 1

118 2297 156 2328 30
173 2281 338 2320 moverit
368 2294 443 2319 nec
472 2280 684 2330 quicquam
714 2280 792 2318 iam
823 2281 904 2319 eius
936 2282 1044 2320 modi
1078 2281 1201 2331 possit
1233 2291 1495 2319 commovere.

217 2394 256 2416 10
282 2385 332 2415 De
349 2394 476 2424 sponsu
495 2383 618 2414 Bassus
632 2395 639 2415 :
664 2394 865 2424 responsum
882 2384 941 2416 M:
967 2386 1019 2416 De
1035 2386 1224 2425 sponsione
1241 2382 1393 2415 Schmidt
1463 2387 1496 2412 et

172 2428 424 2503 ῐεῐὲιῐεςῃ]ΑῐίὶίΊῑξῑτ
433 2427 587 2458 Schmidt
677 2439 714 2468 13
741 2429 864 2460 Balbus
882 2439 1017 2468 quoque
1036 2429 1124 2460 Crat.
1144 2441 1151 2460 :
1175 2438 1308 2468 quoque
1323 2427 1447 2500 Bagblus
1459 2425 1498 2456 M
