1827 2798
585 143 698 181 EPP.
729 144 808 180 AD
837 143 1097 183 ATTICVM
1329 144 1424 181 XII.
1444 143 1616 180 xxxviii
1637 156 1661 179 a

181 250 328 290 scilicet
357 251 523 302 emptori
553 252 627 291 loci
644 268 653 301 3
688 253 746 291 sin
776 253 980 301 venibunt,
1010 253 1106 304 quid
1136 253 1217 292 fieri
1250 253 1372 304 possit
1406 253 1510 292 vide-

180 316 321 355 bimus.
394 318 498 355 Nam
537 317 602 356 ille
640 319 750 356 locus
783 319 1038 357 Publicianus
1072 318 1138 369 qui
1174 326 1232 358 est
1263 318 1438 357 Treboni
1470 327 1507 358 et

181 381 320 420 Cusini
349 389 430 420 erat
459 383 510 420 ad
540 395 603 420 me
632 384 796 421 adlatus.
857 384 935 422 Sed
965 383 1040 421 scis
1071 397 1200 422 aream
1233 397 1328 423 esse.
1388 385 1511 423 Nullo

179 454 296 496 pacto
334 447 470 496 probo.
542 447 707 486 Clodiae
746 462 840 486 sane
878 450 1034 498 placent
1072 450 1141 487 sed
1174 462 1254 487 non
1293 456 1390 499 puto
1424 462 1509 488 esse

142 511 336 558 5venalis.
408 513 470 550 De
504 512 621 550 Drusi
653 512 784 560 hortis,
823 513 1001 563 quamvis
1039 514 1090 551 ab
1128 513 1173 551 iis
1211 515 1432 560 abhorreas,
1466 521 1509 552 ut

180 575 326 623 scribis,
350 583 482 615 tamen
504 591 552 615 eo
573 578 796 627 confugiam
814 578 887 615 nisi
909 578 1004 627 quid
1025 577 1229 617 inveneris.
1271 578 1508 617 Aedificatio

180 654 243 679 me
263 654 344 679 non
373 649 515 679 movet.
576 642 684 679 Nihil
712 643 816 680 enim
840 642 947 681 aliud
976 643 1196 681 aedificabo
1226 643 1300 681 nisi
1329 643 1369 681 id
1400 644 1508 693 quod

179 705 297 743 etiam
327 706 358 744 si
385 706 471 744 illos
501 721 581 745 non
610 709 796 747 habuero.
857 712 979 759 Κῦρος
1000 709 1038 756 δ’,
1062 709 1089 747 ε’
1108 709 1204 747 mihi
1225 709 1279 748 sic
1300 709 1446 759 placuit
1467 716 1509 748 ut

180 778 308 809 cetera
327 771 584 819 Antisthenis,
608 772 778 811 hominis
798 773 902 812 acuti
923 773 1045 824 magis
1067 787 1185 824 quam
1207 773 1359 813 eruditi.

124 992 161 1013 10
223 978 422 1014 XXXIX
490 981 558 1014 Scr.
578 983 727 1014 Asturae
741 983 799 1014 viis·
811 982 862 1014 Id.
881 982 962 1014 Mai.
982 993 1011 1014 a.
1034 993 1094 1024 7⁰9
1114 983 1194 1025 (45).

585 1070 756 1101 CICERO
785 1070 968 1101 ATTICO
998 1070 1104 1103 SAL.

232 1158 476 1197 Tabellarius
511 1159 561 1197 ad
600 1172 663 1196 me
697 1172 788 1196 cum
827 1158 911 1197 sine
945 1158 1080 1197 litteris
1112 1158 1187 1196 tuis
1221 1159 1401 1206 venisset,
1434 1159 1508 1197 exi·
1528 1170 1545 1197 1

179 1222 331 1261 stimavi
364 1222 434 1260 tibi
463 1235 549 1260 eam
577 1236 735 1260 causam
763 1236 843 1261 non
875 1223 1073 1262 scribendi
1100 1223 1219 1262 fuisse
1249 1225 1357 1273 quod
1384 1223 1508 1274 pridie

179 1287 397 1338 scripsisses
418 1300 464 1325 ea
484 1286 568 1336 ipsa
587 1288 637 1325 ad
658 1301 777 1337 quam
799 1287 977 1338 rescripsi
998 1287 1173 1338 epistula.
1229 1290 1507 1338 Exspectaram

123 1368 158 1399 15
179 1360 311 1390 tamen
339 1351 488 1401 aliquid
518 1353 568 1390 de
597 1351 732 1389 litteris
762 1351 875 1389 Asini
901 1352 1098 1391 Pollionis.
1159 1354 1237 1391 Sed
1265 1352 1430 1390 nimium
1462 1366 1507 1390 ex

179 1431 268 1456 meo
289 1417 370 1455 otio
397 1424 508 1455 tuum
537 1424 683 1466 specto.
744 1418 996 1466 Quamquam
1023 1417 1093 1455 tibi
1119 1417 1286 1465 remitto,
1310 1417 1384 1455 nisi
1412 1417 1507 1466 quid

178 1496 338 1521 necesse
376 1482 457 1529 erit,
494 1496 655 1520 necesse
694 1496 744 1520 ne
782 1483 928 1521 habeas
963 1482 1130 1521 scribere
1169 1482 1243 1520 nisi
1282 1482 1355 1520 eris
1393 1483 1507 1521 valde

178 1547 337 1586 otiosus.

234 1614 295 1650 De
312 1612 521 1651 tabellariis
541 1613 709 1651 facerem
731 1612 839 1661 quod
867 1612 1019 1659 suades,
1043 1611 1074 1649 si
1095 1619 1225 1650 essent
1251 1613 1353 1650 ullae
1374 1624 1505 1650 neces·
1522 1623 1546 1650 2

121 1696 161 1717 20
180 1677 300 1715 sariae
320 1677 479 1725 litterae,
502 1685 545 1715 ut
571 1685 680 1715 erant
701 1677 793 1715 olim
822 1690 913 1714 cum
940 1683 1072 1714 tamen
1094 1676 1335 1715 brevioribus
1365 1677 1505 1716 diebus

179 1743 323 1782 cotidie
362 1743 655 1793 respondebant
694 1741 861 1792 tempori
900 1740 1100 1787 tabellarii,
1142 1748 1180 1779 et
1218 1749 1299 1779 erat
1343 1741 1503 1791 aliquid,

179 1807 307 1855 Silius,
336 1810 496 1854 Drusus
520 1807 594 1845 alia
624 1808 830 1856 quaedam.
892 1807 1010 1844 Nunc
1045 1804 1119 1843 nisi
1144 1806 1252 1844 Otho
1284 1806 1502 1854 exstitisset,

178 1874 285 1922 quod
306 1873 563 1911 scriberemus
584 1885 664 1910 non
685 1880 789 1920 erat,
819 1873 863 1909 id
879 1871 1007 1922 ipsum
1037 1871 1201 1910 dilatum
1223 1878 1291 1909 est.
1351 1873 1504 1911 Tamen

177 1939 336 1976 adlevor
357 1952 446 1976 cum
467 1939 608 1987 loquor
633 1945 764 1976 tecum
792 1938 945 1985 absens,
971 1939 1096 1976 multo
1124 1936 1242 1974 etiam
1270 1937 1391 1987 magis
1413 1950 1503 1975 cum

120 2018 157 2048 ²5
178 2011 263 2041 tuas
284 2003 429 2041 litteras
449 2005 546 2052 lego.
607 2004 685 2041 Sed
706 2003 894 2052 quoniam
922 2011 960 2041 et
980 2004 1074 2041 abes
1097 2001 1169 2053 (sic
1189 2001 1294 2039 enim
1321 2001 1502 2052 arbitror)

177 2075 216 2105 et
242 2067 439 2106 scribendi
468 2067 679 2106 necessitas
709 2069 816 2106 nulla
844 2075 914 2115 est,
937 2068 1219 2118 conquiescent
1249 2066 1398 2105 litterae
1427 2066 1501 2105 nisi

177 2132 272 2181 quid
293 2132 384 2170 novi
405 2132 599 2170 exstiterit.

219 2237 238 2266 8
263 2235 361 2268 Κῦρος
387 2235 422 2275 δ’,
444 2234 467 2265 ε’
491 2236 611 2265 Rosius
625 2235 690 2266 coll.
710 2234 808 2275 Dtbg.
827 2235 933 2267 Laert.
951 2236 994 2267 vi.
1015 2247 1040 2267 1.
1063 2238 1124 2268 16:
1148 2240 1305 2268 KTPCAC
1333 2237 1374 2267 Μ
1463 2247 1500 2275 14

175 2290 273 2318 quarn
298 2278 444 2310 Lamb.:
475 2289 541 2318 que
566 2278 628 2309 M:
662 2289 749 2317 quae
777 2278 966 2320 lsVescnberg
1064 2281 1126 2312 hac
1151 2285 1225 2311 ante
1250 2281 1394 2320 epistula
1421 2280 1495 2311 add.

179 2322 368 2363 llsesenbmg
381 2334 420 2352 ex
435 2322 456 2352 I
544 2332 580 2361 15
606 2322 763 2352 nimirum
781 2322 899 2353 Lamb.
995 2325 1033 2353 16
1056 2324 1124 2354 otio
1140 2328 1232 2354 tuum
1251 2329 1368 2363 specto
1385 2324 1477 2354 Man.
1493 2335 1500 2354 :

175 2366 279 2396 otium
298 2370 459 2405 exspecto
482 2365 542 2397 M:
566 2366 669 2396 otium
687 2370 779 2395 tuum
797 2371 916 2405 specto
927 2366 1012 2396 Boot
1100 2378 1143 2398 20
1167 2372 1279 2398 tamen
1291 2371 1366 2408 post
1382 2367 1500 2398 diebus

173 2410 374 2450 transposuit
389 2408 482 2440 Man.
621 2418 658 2439 21
686 2408 849 2440 tabellarii
864 2409 930 2441 secl.
950 2409 1036 2440 Boot
1164 2421 1205 2451 23
1229 2411 1261 2441 id
1279 2411 1353 2442 add.
1376 2411 1464 2442 Crat.

1351 2467 1414 2497 28*
