1827 2798
176 159 244 195 lx.
265 158 379 196 xiiiA
664 157 719 193 M.
751 155 919 192 TVLLI
952 153 1257 192 CICERONIS

512 314 752 352 ‘CAESAR
781 311 950 350 OPPIO
981 310 1274 350 CORNELIO
1305 311 1416 348 SAL.

348 396 394 432 A.
418 395 454 433 d.
478 406 534 432 vu
559 395 654 432 Idus
677 393 840 432 Martias
862 392 1117 431 Brundisium
1137 392 1237 438 veni,
1256 393 1307 430 ad
1324 405 1478 430 murum
1499 399 1624 430 castra

294 459 417 509 posui.
477 458 690 509 Pompeius
719 466 777 497 est
799 458 993 496 Brundisi.
1054 457 1164 495 Misit
1192 458 1244 495 ad
1274 470 1337 494 me
1368 458 1417 494 N.
1445 456 1623 505 Magium

293 525 344 562 de
373 537 480 573 pace.
542 526 656 573 Quae
677 524 758 562 visa
779 531 869 562 sunt
896 523 1093 573 respondi.
1154 524 1248 560 Hoc
1269 536 1337 560 vos
1365 521 1495 560 statim
1525 520 1623 559 scire

294 588 408 627 volui.
469 590 603 638 Quom
634 589 674 626 in
703 603 814 639 spem
835 602 980 627 venero
1006 589 1056 626 de
1077 586 1366 638 compositione
1386 585 1535 636 aliquid
1560 598 1622 623 me
1642 596 1659 626 5

294 655 498 702 conficere,
523 654 654 693 statim
675 668 744 693 vos
768 654 952 692 certiores
973 653 1138 691 faciam.'

251 733 274 759 2
349 721 443 768 Quo
463 721 585 758 modo
606 734 669 758 me
689 733 796 758 nunc
816 727 942 769 putas,
964 718 1018 756 mi
1040 719 1193 765 Cicero,
1210 717 1393 768 torqueri,
1411 723 1622 767 postquam

295 798 423 823 rursus
444 785 482 822 in
504 798 615 835 spem
636 784 744 834 pacis
764 784 865 831 veni,
887 798 938 822 ne
957 798 1035 833 qua
1055 797 1114 821 res
1135 797 1271 821 eorum
1292 781 1621 832 compositionem

294 850 512 900 impediat?
578 852 764 899 Namque
801 850 910 899 quod
953 850 1096 887 absens
1143 850 1270 886 facere
1311 861 1474 898 possum
1512 854 1618 897 opto.

293 915 415 962 Quod
453 914 484 953 si
523 929 602 953 una
640 928 779 961 essem,
813 914 964 964 aliquid
997 915 1160 952 fortasse
1194 914 1384 964 proficere
1416 925 1533 963 posse
1567 911 1621 949 mi
1645 926 1683 948 10

293 978 452 1018 viderer.
513 980 632 1018 Nunc
661 978 954 1030 exspectatione
981 978 1145 1017 crucior.

335 1142 441 1177 XIV
560 1144 628 1176 Scr.
649 1145 681 1176 in
700 1144 883 1175 Formiano
899 1145 957 1176 viii
970 1145 1012 1176 K.
1033 1144 1116 1185 Apr.
1135 1155 1164 1175 a.
1187 1155 1242 1184 705
1259 1146 1346 1185 (49).

711 1240 886 1271 CICERO
911 1240 1082 1271 ATTICO
1108 1240 1205 1270 SAL.

257 1327 274 1353 1
349 1318 534 1357 Miseram
555 1320 607 1357 ad
627 1326 665 1357 te
685 1331 775 1356 V1111
808 1321 856 1356 K.
880 1320 1104 1368 exemplum
1131 1318 1322 1368 epistulae
1348 1317 1460 1356 Balbi
1483 1318 1534 1355 ad
1557 1330 1619 1354 me

291 1391 328 1421 et
359 1383 538 1422 Caesaris
567 1385 618 1422 ad
648 1398 750 1422 eum.
822 1385 928 1421 Ecce
949 1383 1019 1421 tibi
1041 1384 1183 1421 eodem
1212 1383 1277 1421 die
1305 1385 1443 1432 Capua
1469 1382 1615 1420 litteras
1643 1396 1678 1427 15

289 1447 423 1497 accepi
454 1448 506 1485 ab
536 1450 585 1497 Q.
614 1448 738 1486 Pedio
775 1449 985 1487 Caesarem
1012 1449 1063 1486 ad
1091 1461 1132 1486 se
1166 1447 1290 1497 pridie
1324 1448 1420 1485 Idus
1454 1446 1617 1484 Martias

290 1514 364 1551 hoc
385 1515 565 1563 exemplo
585 1528 591 1550 :

342 1581 351 1597 ‘⁷
371 1578 583 1628 Pompeius
605 1592 646 1616 se
667 1579 818 1628 oppido
838 1586 956 1617 tenet.
1018 1579 1102 1618 Nos
1127 1579 1178 1617 ad
1205 1587 1336 1629 portas
1357 1586 1481 1616 castra
1501 1578 1618 1616 habe-

290 1657 386 1681 mus.
447 1645 650 1682 Conamur
669 1658 770 1694 opus
786 1657 973 1694 magnum
995 1651 1032 1682 et
1054 1645 1266 1682 multorum
1288 1644 1439 1682 dierum
1460 1651 1618 1693 propter

288 1708 536 1747 altitudinem
559 1709 684 1747 maris.
744 1711 822 1748 Sed
853 1717 985 1748 tamen
1010 1709 1106 1747 nihil
1131 1717 1188 1748 est
1216 1710 1324 1759 quod
1348 1709 1478 1759 potius
1505 1709 1617 1747 facia-
1639 1723 1679 1745 20

291 1787 387 1811 mus.
446 1775 510 1812 Ab
531 1782 699 1824 utroque
718 1782 853 1824 portus
874 1789 996 1813 cornu
1018 1777 1142 1813 moles
1161 1775 1335 1821 iacimus,
1358 1782 1400 1812 ut
1419 1781 1486 1812 aut
1507 1774 1617 1813 illum

289 1853 407 1889 quam
429 1839 597 1889 primum
619 1839 780 1878 traicere
800 1841 909 1890 quod
930 1841 1049 1878 habet
1080 1839 1263 1878 Brundisi
1284 1839 1485 1890 copiarum
1506 1853 1618 1890 coga-

291 1917 376 1941 mus
396 1912 462 1942 aut
483 1904 586 1942 exitu
608 1905 912 1954 prohibeamus.⁷

246 1977 270 2003 2
342 1966 420 2005 Vbi
450 1975 508 2005 est
539 1967 602 2005 illa
634 1981 707 2017 pax
741 1970 792 2007 de
824 1982 901 2018 qua
933 1969 1079 2006 Balbus
1110 1968 1314 2018 scripserat
1344 1968 1515 2018 torqueri
1545 1970 1618 2006 se?

290 2031 445 2080 Ecquid
483 2032 673 2079 acerbius,
714 2033 857 2083 ecquid
900 2033 1128 2071 crudelius?
1202 2035 1334 2083 Atque
1378 2047 1469 2072 eum
1508 2033 1615 2083 loqui
1638 2047 1676 2079 25

287 2096 449 2145 quidam
487 2098 702 2138 αὐθεντικῶς
747 2099 926 2136 narrabat
966 2100 1038 2137 Cn.
1081 2098 1285 2145 Carbonis,
1330 2100 1384 2136 M.
1428 2098 1537 2136 Bruti
1576 2112 1616 2137 se

335 2212 346 2231 1
373 2211 618 2239 conmzmoQVE
658 2203 832 2233 Petrarclm
873 2204 987 2234 codices
1018 2203 1225 2243 Malaspizme
1262 2204 1296 2234 R
1447 2214 1466 2242 3
1493 2203 1533 2234 N.
1570 2204 1620 2233 vel

291 2244 437 2275 Nonium
457 2246 650 2277 Petmrclza:
677 2247 739 2277 Cn.
766 2247 852 2278 codd.
945 2258 964 2287 5
989 2247 1115 2286 aliquid
1133 2258 1185 2277 me
1203 2248 1370 2278 conficexe
1387 2247 1452 2277 srcl.
1476 2246 1616 2277 Vrsinus

283 2291 359 2327 post
386 2299 438 2318 me
468 2289 541 2319 add.
574 2300 676 2329 posse
703 2291 730 2320 L
755 2293 896 2330 (mm-g.)
1077 2301 1116 2321 10
1140 2292 1305 2330 proficere
1331 2290 1503 2320 ORPM2:
1540 2301 1615 2329 pro-

290 2331 439 2362 ficiscere
458 2331 512 2360 llsl¹
614 2344 712 2371 posse
731 2335 811 2364 mihi
828 2335 962 2365 viderer
979 2333 1137 2375 Aladvtg:
1163 2344 1295 2374 possem
1314 2334 1419 2364 videri
1439 2332 1613 2365 ORPM2':

289 2385 423 2413 possum
449 2376 564 2405 videre
590 2376 641 2405 Μι
