1827 2798
567 107 695 144 ἘΡΡ.
728 107 805 143 AD
835 106 1092 145 ATTICVM
1430 107 1539 143 XVI.
1562 116 1592 142 v

174 216 253 254 Sed
291 222 422 254 tamen
462 216 626 253 rumoris
667 216 800 254 nescio
839 216 934 266 quid
972 217 1182 254 adflaverat
1221 213 1501 254 commissione

175 283 415 319 Graecorum
460 280 717 330 frequentiam
765 295 843 318 non
889 281 1032 328 fuisse3
1083 282 1191 330 quod
1231 280 1391 330 quidem
1438 294 1500 318 me

175 344 336 383 minime
380 344 539 391 fefellit,
586 345 660 382 scis
702 345 805 383 enim
848 346 943 395 quid
987 359 1059 395 ego
1102 348 1151 384 de
1193 345 1352 383 Graecis
1399 344 1500 383 ludis

145 399 154 401 i
173 409 402 448 existimem.

137 487 153 516 5
229 476 346 512 Nunc
375 474 467 512 audi
497 475 605 523 quod
636 475 755 523 pluris
785 482 842 512 est
872 488 990 524 quam
1021 475 1164 513 omnia.
1225 475 1396 524 Quintus
1427 474 1499 512 fuit
1518 482 1542 510 2

175 552 330 577 mecum
360 538 443 577 dies
473 539 685 588 compluris
715 547 765 585 et,
795 539 826 577 si
860 552 933 588 ego
966 553 1164 588 cuperem,
1196 541 1258 578 ille
1290 541 1349 578 vel
1381 539 1500 589 pluris

173 603 333 651 fuisset;
361 605 430 641 sed
452 617 570 653 quam
593 604 658 641 diu
680 603 761 650 fuit,
781 603 1010 642 incredibile
1032 612 1088 642 est
1109 618 1227 654 quam
1249 618 1311 643 me
1332 604 1370 642 in
1393 603 1500 642 omni

172 682 313 718 genere
345 668 547 707 delectarit
581 669 621 706 in
655 682 781 718 eoque
817 668 985 706 maxime
1019 669 1058 706 in
1091 682 1169 718 quo
1209 669 1370 707 minime
1409 669 1500 707 satis

174 734 352 772 faciebat.
412 734 475 772 Sic
504 733 609 772 enim
640 741 905 772 commutatus
935 741 992 772 est
1022 741 1127 771 totus
1157 742 1195 772 et
1225 734 1376 784 scriptis
1404 733 1499 772 meis

118 813 156 835 10
174 800 412 849 quibusdam
444 813 544 849 quae
575 799 615 837 in
648 799 828 837 manibus
862 799 1059 837 habebam
1091 806 1128 836 et
1157 799 1393 837 adsiduitate
1422 813 1503 837 ora-

174 865 290 903 tionis
322 873 359 903 et
386 865 603 915 praeceptis
636 873 677 902 ut
706 865 773 903 tali
802 864 935 902 animo
964 863 1004 901 in
1039 877 1119 902 rem
1158 864 1357 914 publicam
1396 864 1501 914 quali

174 944 245 968 nos
270 932 451 968 volumus
480 932 631 968 futurus
662 930 719 967 sit.
781 931 874 968 Hoc
903 942 994 967 cum
1024 928 1120 966 mihi
1150 942 1230 966 non
1261 930 1381 968 modo
1411 943 1501 968 con-

175 996 364 1033 firmasset
410 996 479 1033 sed
527 995 643 1034 etiam
689 994 955 1045 persuasisset,
994 993 1071 1043 egit
1117 1007 1271 1032 mecum
1321 1003 1501 1033 accurate

175 1061 306 1098 multis
335 1061 462 1099 verbis
491 1061 561 1099 tibi
592 1069 633 1098 ut
661 1061 896 1110 sponderem
929 1072 970 1097 se
1000 1058 1163 1108 dignum
1194 1067 1231 1096 et
1259 1066 1296 1097 te
1323 1067 1360 1097 et
1388 1059 1502 1098 nobis

118 1139 154 1171 15
175 1127 372 1174 futurum,
406 1140 535 1175 neque
565 1139 606 1164 se
635 1126 832 1175 postulare
861 1132 903 1162 ut
933 1124 1062 1162 statim
1093 1125 1271 1162 crederes
1301 1125 1382 1170 sed,
1412 1138 1501 1162 cum

174 1190 257 1239 ipse
278 1191 552 1240 perspexisses,
573 1199 656 1228 tum
678 1197 720 1228 ut
741 1203 781 1227 se
801 1203 963 1227 amares.
1023 1190 1145 1239 Quod
1166 1188 1240 1226 nisi
1265 1190 1383 1227 fidem
1406 1189 1500 1226 mihi

174 1255 328 1294 fecisset
366 1255 682 1305 iudicassemque
721 1256 797 1292 hoc
829 1255 938 1304 quod
977 1254 1067 1292 dico
1106 1255 1261 1291 firmum
1295 1255 1386 1301 fore,
1421 1268 1501 1293 non

173 1320 352 1359 fecissem
378 1321 419 1360 id
440 1323 548 1371 quod
575 1321 749 1359 dicturus
778 1334 875 1358 sum.
936 1319 1040 1358 Duxi
1065 1320 1169 1358 enim
1195 1333 1351 1358 mecum
1371 1321 1502 1358 adule-

173 1394 346 1424 scentem
386 1388 437 1425 ad
477 1389 652 1424 Brutum.
713 1386 776 1424 Sic
815 1385 849 1424 ei
888 1385 1097 1434 probatum
1137 1392 1194 1422 est
1233 1386 1341 1434 quod
1379 1386 1430 1423 ad
1464 1392 1502 1424 te

116 1465 154 1486 20
173 1451 302 1490 scribo
332 1460 373 1489 ut
403 1452 486 1502 ipse
515 1452 735 1498 crediderit,
768 1465 831 1489 me
862 1464 1091 1500 sponsorem
1125 1449 1303 1499 accipere
1335 1450 1502 1488 noluerit

172 1530 343 1565 eumque
378 1518 542 1555 laudans
574 1517 810 1555 amicissime
847 1515 1089 1554 mentionem
1129 1514 1185 1552 tui
1221 1514 1367 1562 fecerit,
1399 1528 1503 1553 com-

172 1582 307 1630 plexus
337 1584 615 1632 osculatusque
649 1581 848 1620 dimiserit.
910 1582 1041 1628 Quam
1074 1580 1126 1618 ob
1158 1593 1238 1617 rem
1274 1579 1345 1617 etsi
1380 1579 1502 1629 magis

172 1654 229 1684 est
260 1648 368 1696 quod
397 1649 564 1697 gratuler
594 1647 663 1685 tibi
693 1661 811 1697 quam
842 1646 950 1695 quod
981 1653 1018 1682 te
1048 1657 1191 1694 rogem,
1222 1651 1354 1681 tamen
1384 1643 1502 1682 etiam

172 1724 266 1760 rogo
296 1720 349 1758 ut,
381 1711 411 1749 si
443 1726 543 1761 quae
574 1712 704 1750 minus
733 1719 849 1749 antea
880 1717 1038 1760 propter
1067 1708 1332 1746 infirmitatem
1364 1708 1502 1746 aetatis

114 1790 151 1822 25
172 1784 396 1814 constanter
415 1778 465 1815 ab
487 1791 534 1816 eo
561 1777 643 1815 fieri
663 1777 907 1824 videbantur,
932 1789 977 1814 ea
1004 1774 1154 1812 iudices
1175 1773 1283 1811 illum
1311 1773 1501 1812 abiecisse

172 1840 346 1890 mihique
373 1844 509 1881 credas
533 1844 700 1880 multum
726 1844 943 1881 adlaturam
970 1842 1031 1878 vel
1058 1838 1270 1889 plurimum
1295 1839 1425 1888 potius
1448 1840 1500 1877 ad

171 1905 273 1943 illius
293 1906 482 1945 iudicium
503 1897 819 1946 confirmandum
839 1906 1111 1946 auctoritatem
1133 1912 1251 1942 tuam.

226 1972 348 2009 Bruto
377 1985 467 2009 cum
500 1986 616 2022 saepe
650 1972 871 2010 iniecissem
905 1974 955 2011 de
990 1971 1185 2022 ὁμοπλοίᾳ,
1223 1982 1304 2007 non
1336 1968 1541 2018 perinde3

170 2042 289 2083 atque
309 2048 381 2085 ego
408 2044 586 2086 putaram
609 2037 786 2086 adripere
805 2036 910 2074 visus
934 2044 1002 2075 est.
1062 2034 1347 2073 Existimabam
1371 2051 1499 2082 μετεω-

112 2120 154 2150 30
170 2101 320 2150 ρότερον
339 2114 434 2147 esse,
461 2109 498 2139 et
526 2103 683 2139 hercule
707 2108 787 2139 erat
807 2108 845 2139 et
872 2101 1040 2139 maxime
1064 2101 1115 2138 de
1136 2099 1249 2137 ludis.
1309 2099 1361 2135 At
1389 2097 1495 2144 mihi,

171 2179 262 2203 cum
291 2167 341 2204 ad
372 2166 502 2203 villam
532 2165 736 2213 redissem,
762 2166 835 2205 Cn.
859 2164 1052 2203 Lucceius
1084 2163 1151 2213 qui
1182 2164 1348 2200 multum
1379 2161 1499 2199 utitur

171 2231 294 2268 Bruto
327 2230 493 2268 narravit
522 2230 632 2268 illum
661 2232 776 2268 valde
805 2229 946 2268 morari
975 2243 1055 2267 non
1083 2227 1398 2278 tergiversantem
1427 2227 1497 2264 sed

215 2344 234 2362 2
256 2334 348 2372 quod
374 2345 402 2365 v.
417 2345 439 2364 c.
468 2332 496 2362 L
516 2333 655 2374 (marg.)
676 2344 682 2364 :
710 2344 776 2373 que
803 2333 842 2363 M
930 2344 945 2372 7
971 2343 1070 2371 quam
1089 2332 1145 2362 diu
1169 2331 1311 2363 Lamb.:
1334 2335 1496 2370 quantum

169 2377 256 2407 codd.
276 2390 281 2408 :
306 2382 467 2416 quantum
481 2381 641 2417 quantum
659 2375 788 2408 Moser:
813 2381 894 2417 quot
911 2376 996 2407 Reid

213 2442 275 2463 c1c.
295 2442 343 2463 AD
362 2441 435 2462 ΛΠ.
1366 2429 1408 2460 36
