1827 2798
236 138 331 176 XII.

304 456 321 482 Ι

298 780 322 806 2

296 1819 321 1856 3

350 137 397 175 xl
714 138 771 176 M.
802 137 972 175 TVLLI
1003 137 1310 177 CICERONIS

384 276 465 311 XL
664 275 736 309 Scr.
756 277 898 308 Asturae
912 278 959 309 vii
971 278 1021 311 Id.
1042 277 1124 310 Mai.
1143 289 1175 310 α.
1198 288 1257 320 709
1275 278 1358 320 (45).

752 360 925 391 CICERO
955 360 1137 392 ATTICO
1165 360 1272 393 SAL.

395 443 534 493 Qualis
555 445 685 482 futura
713 442 762 482 sit
783 442 962 483 Caesaris
981 443 1216 494 vituperatio
1242 451 1379 484 contra
1404 444 1675 484 laudationem

340 522 471 548 meam
501 508 679 560 perspexi
710 522 756 547 ex
786 522 834 547 eo
854 509 954 547 libro
981 522 1099 559 quem
1123 509 1277 548 Hirtius
1306 511 1357 549 ad
1385 524 1448 549 me
1475 510 1580 549 misit
1594 525 1604 558 ;
1633 510 1673 548 in

339 587 419 625 quo
446 574 607 624 conligit
628 574 721 612 vitia
742 573 906 614 Catonis
934 575 1004 612 sed
1028 588 1119 612 cum
1148 574 1327 612 maximis
1354 575 1538 614 laudibus
1562 574 1671 614 meis.

342 641 483 690 Itaque
504 639 591 677 misi
612 639 754 677 librum
777 640 827 677 ad
850 641 1032 677 Muscam
1054 648 1096 677 ut
1117 639 1193 677 tuis
1214 639 1378 678 librariis
1399 641 1519 678 daret.
1569 642 1674 679 Volo

341 704 447 744 enim
469 718 559 742 eum
580 704 771 753 divulgari
789 718 796 749 ;
826 705 933 753 quod
955 718 1036 754 quo
1056 704 1207 743 facilius
1228 706 1295 742 fiat
1315 704 1526 755 imperabis
1547 704 1633 743 tuis.

395 771 722 821 Συμβουλευτικὸν
755 782 872 819 saepe
910 783 1042 807 conor.
1102 769 1212 808 Nihil
1246 770 1397 820 reperio
1435 778 1473 809 et
1511 770 1674 820 quidem

340 849 497 874 mecum
536 836 666 874 habeo
705 841 743 873 et
773 834 1059 884 Ἀριστοτέλους
1095 842 1134 873 et
1172 836 1397 884 Θεοπόμπου
1430 835 1550 874 libros
1583 837 1675 886 πρὸς

338 901 592 951 Ἀλέξανδρον.
653 901 731 939 Sed
762 900 858 949 quid
888 899 1044 938 simile?
1100 899 1163 938 Illi
1190 907 1229 938 et
1258 913 1360 950 quae
1387 899 1480 950 ipsis
1507 901 1673 939 honesta

339 975 470 1006 essent
490 966 715 1005 scribebant
735 973 773 1003 et
793 972 901 1015 grata
921 966 1158 1003 Alexandro.
1220 965 1376 1015 Ecquid
1396 973 1438 1003 tu
1459 964 1543 1003 eius
1563 965 1673 1004 modi

339 1032 513 1082 reperis?
585 1031 687 1069 Mihi
726 1030 888 1080 quidem
928 1029 1025 1067 nihil
1063 1029 1103 1067 in
1147 1038 1322 1068 mentem
1361 1029 1477 1068 venit.
1552 1031 1674 1079 Quod

340 1096 476 1136 scribis
507 1104 544 1136 te
574 1096 695 1135 vereri
721 1110 770 1134 ne
800 1103 838 1133 et
867 1095 988 1145 gratia
1011 1103 1049 1133 et
1076 1095 1287 1133 auctoritas
1317 1103 1450 1134 nostra
1477 1097 1553 1134 hoc
1584 1109 1673 1135 meo

341 1174 515 1200 maerore
536 1161 743 1208 minuatur,
768 1174 841 1210 ego
868 1160 964 1210 quid
990 1159 1173 1198 homines
1196 1168 1263 1198 aut
1290 1161 1580 1210 reprehendant
1606 1168 1673 1198 aut

340 1229 540 1277 postulent
560 1226 705 1265 nescio.
767 1228 829 1264 Ne
849 1227 1037 1264 doleam?
1094 1226 1173 1274 Qui
1194 1228 1354 1276 potest?
1411 1228 1473 1264 Ne
1493 1226 1674 1265 iaceam?

341 1291 441 1340 Quis
471 1305 658 1341 umquam
683 1291 842 1329 minus?
899 1292 1007 1328 Dum
1037 1298 1104 1328 tua
1133 1304 1196 1329 me
1223 1292 1367 1329 domus
1397 1291 1562 1338 levabat,
1585 1291 1672 1341 quis

340 1370 363 1394 a
383 1370 446 1395 me
476 1358 686 1395 exclusus?
715 1356 802 1406 quis
832 1355 939 1394 venit
969 1355 1036 1405 qui
1066 1357 1313 1394 offenderet?
1368 1358 1553 1393 Asturam
1584 1369 1672 1394 sum

341 1435 364 1459 a
384 1428 422 1460 te
442 1423 651 1472 profectus.
711 1423 860 1471 Legere
888 1420 950 1459 isti
977 1420 1067 1459 laeti
1098 1421 1165 1470 qui
1187 1435 1250 1459 me
1278 1423 1571 1471 reprehendunt
1591 1428 1672 1459 tam

342 1488 464 1524 multa
485 1500 565 1524 non
587 1493 752 1536 possunt
774 1499 892 1535 quam
914 1499 987 1535 ego
1008 1485 1154 1535 scripsi.
1215 1486 1346 1534 Quam
1368 1487 1482 1534 bene,
1505 1485 1601 1524 nihil
1621 1487 1673 1524 ad

338 1565 430 1598 rem,
455 1552 525 1589 sed
546 1565 668 1601 genus
690 1550 887 1588 scribendi
914 1550 955 1588 id
974 1550 1047 1588 fuit
1074 1551 1183 1600 quod
1209 1564 1330 1589 nemo
1355 1550 1512 1589 abiecto
1538 1550 1672 1588 animo

338 1617 464 1654 facere
486 1623 629 1666 posset.
691 1614 870 1664 Triginta
898 1614 983 1653 dies
1012 1614 1052 1652 in
1083 1615 1204 1654 hortis
1235 1615 1300 1653 fui.
1362 1615 1461 1664 Quis
1488 1623 1555 1653 aut
1583 1628 1673 1653 con-

337 1693 511 1730 gressum
535 1693 668 1718 meum
688 1688 755 1717 aut
776 1679 1003 1717 facilitatem
1025 1680 1217 1718 sermonis
1238 1680 1505 1719 desideravit?
1553 1681 1591 1717 N
1595 1693 1673 1718 unc

338 1744 469 1795 ipsum
504 1759 549 1782 ea
580 1746 678 1794 lego,
711 1758 757 1782 ea
787 1744 915 1782 scribo
945 1753 987 1782 ut
1016 1744 1042 1782 ii
1072 1745 1139 1795 qui
1170 1759 1324 1784 mecum
1356 1753 1446 1783 sunt
1476 1744 1672 1783 difficilius

340 1809 464 1848 otium
504 1811 628 1848 ferant
667 1823 786 1859 quam
826 1822 899 1859 ego
938 1810 1124 1848 laborem.
1197 1809 1236 1848 Si
1276 1809 1363 1860 quis
1402 1810 1561 1860 requirit
1603 1823 1673 1848 cur

1694 586 1712 619 5

1694 917 1734 940 10

1693 1565 1732 1588 20

340 1875 495 1913 Romae
525 1888 605 1912 non
636 1874 733 1913 sim:
770 1874 862 1924 quia
891 1874 1087 1912 discessus
1118 1882 1200 1921 est3
1238 1888 1307 1913 cur
1336 1888 1417 1913 non
1452 1875 1524 1913 sim
1555 1875 1594 1913 in
1625 1874 1670 1913 iis
1691 1887 1731 1919 25

337 1939 434 1977 meis
455 1939 666 1989 praediolis
688 1953 789 1989 quae
811 1946 902 1977 sunt
922 1939 1038 1977 huius
1056 1939 1266 1989 temporis:
1297 1939 1389 1989 quia
1409 1939 1670 1989 frequentiam

336 2004 441 2042 illam
464 2018 544 2043 non
566 2004 679 2043 facile
707 2006 857 2043 ferrem.
920 2004 981 2042 Ibi
1003 2017 1089 2041 sum
1118 2003 1232 2054 igitur
1258 2004 1326 2042 ubi
1347 2004 1378 2042 is
1406 2003 1473 2054 qui
1501 2005 1670 2055 optimas

338 2069 453 2108 Baias
488 2070 661 2109 habebat
693 2069 905 2120 quotannis
937 2070 1014 2107 hoc
1046 2076 1202 2118 tempus
1237 2082 1471 2108 consumere
1505 2070 1669 2108 solebat.

338 2135 441 2174 Cum
473 2137 645 2173 Romam
672 2148 829 2181 venero,
852 2147 926 2172 nec
952 2135 1061 2171 vultu
1086 2147 1160 2172 nec
1187 2133 1364 2172 oratione
1393 2135 1666 2183 reprehendar.

339 2199 591 2238 Hilaritatem
613 2199 719 2238 illam
741 2212 818 2249 qua
839 2200 940 2236 hanc
965 2197 1159 2236 tristitiam
1180 2205 1403 2248 temporum
1431 2198 1668 2237 condiebam
1687 2211 1729 2243 30

380 2313 401 2342 9
426 2303 529 2333 libros
546 2302 620 2343 πρὸς
637 2302 786 2333 Muecke:
811 2305 958 2332 TIBPOC
975 2300 1035 2332 M:
1059 2313 1087 2331 τι
1107 2300 1179 2341 πρὸς
1200 2300 1390 2342 lVesenberg
1500 2312 1537 2341 17
1562 2302 1667 2332 offen-

337 2346 474 2376 deretur
490 2347 589 2378 Rom.
716 2356 754 2375 21
782 2346 890 2376 hortis
907 2344 968 2375 M:
992 2346 1090 2375 horto
1110 2344 1142 2375 C.
1164 2355 1194 2376 v.
1211 2357 1233 2376 c.
1254 2340 1298 2374 ΖΙ)
1423 2354 1463 2384 25
1489 2346 1551 2375 sim
1576 2345 1609 2374 in
1627 2346 1667 2375 iis

337 2390 421 2420 meis
438 2389 570 2420 Baiter:
600 2399 717 2420 sumus
734 2389 767 2419 in
785 2390 834 2419 eis
857 2387 910 2418 Ml
930 2400 937 2419 z
968 2388 1030 2418 sim
1048 2388 1082 2417 in
1100 2388 1152 2418 his
1169 2389 1252 2418 meis
1268 2387 1326 2419 M2
1521 2398 1565 2428 30
1588 2399 1667 2420 con-

337 2434 471 2464 diebam
490 2440 581 2474 (corr.
601 2443 641 2464 ex
656 2433 913 2470 condiebamus)
933 2432 972 2461 M
