1827 2798
616 148 729 186 EPP.
761 149 838 186 AD
869 147 1128 186 ATTICVM
1452 143 1548 181 XII.
1570 153 1637 181 vc

241 340 284 375 V
296 350 319 376 c
459 341 529 374 Scr.
546 342 579 374 z'n
602 343 787 374 Tusculano
799 341 884 384 prid.
902 341 952 374 Id.
967 341 1043 373 Iun.
1059 353 1090 373 a.
1111 343 1172 382 708
1189 341 1277 383 (46).

615 430 786 462 CICERO
808 429 987 460 ATTICO
1010 429 1116 460 SAL.

252 519 338 568 Ego
360 518 447 557 misi
467 518 656 557 Tironem
679 517 911 555 Dolabellae
931 516 1100 555 obviam,
1161 518 1201 554 Is
1222 517 1272 554 ad
1298 529 1361 554 me
1386 515 1525 555 Idibus
1547 518 1581 560 <v
1597 518 1631 559 4)

197 591 419 621 revertetur.
478 585 537 621 Te
566 582 802 632 exspectabo
831 580 1029 631 postridie.
1087 582 1153 619 De
1179 580 1309 618 Tullia
1338 593 1426 618 mea
1455 579 1526 618 tibi

159 660 175 690 5
197 647 514 698 antiquissimum
545 660 630 685 esse
662 646 779 684 video
811 645 930 695 idque
964 645 1018 683 ita
1048 652 1091 683 ut
1122 644 1170 683 sit
1202 653 1239 683 te
1272 646 1527 684 vehementer

197 725 301 762 rogo.
363 713 466 761 Ergo
495 710 531 750 ei
558 711 598 749 in
624 710 776 760 integro
803 709 936 748 omnia
950 724 960 757 3
999 709 1054 748 sic
1081 709 1187 748 enim
1215 709 1362 748 scribis.
1423 708 1527 747 Mihi

197 777 269 815 etsi
310 776 516 814 Kalendae
554 775 736 813 vitandae
774 776 931 813 fuerunt
965 774 1305 824 Nicasionumque
1339 775 1527 825 ἀρχέτυπα

196 840 382 891 fugienda
402 839 753 889 conficiendaeque
777 840 945 886 tabulae,
968 839 1065 877 nihil
1089 846 1221 877 tamen
1249 838 1346 877 tanti
1373 846 1416 877 ut
1439 852 1462 877 a
1488 846 1526 877 te

196 906 376 944 abessem
398 905 479 943 fuit.
522 906 625 944 Cum
643 906 796 943 Romae
817 917 943 942 essem
960 911 999 942 et
1018 911 1056 942 te
1076 903 1153 942 iam
1175 903 1332 953 iamque
1352 903 1525 942 visurum

139 984 176 1005 10
197 983 261 1008 me
305 978 495 1019 putarem,
536 969 682 1008 cotidie
726 976 859 1007 tamen
904 970 1022 1007 horae
1065 968 1209 1018 quibus
1247 969 1524 1018 exspectabam

196 1036 336 1083 longae
356 1034 600 1073 videbantur.
659 1033 742 1071 Scis
764 1046 827 1071 me
848 1032 1010 1070 minime
1034 1045 1120 1071 6556
1144 1033 1335 1071 blandum
1352 1047 1363 1081 3
1391 1031 1524 1083 itaque

197 1099 326 1137 minus
347 1098 547 1149 aliquanto
569 1097 658 1137 dico
679 1111 799 1148 quam
819 1096 957 1135 sentio.

237 1251 304 1285 VI
430 1253 500 1285 Ser.
520 1253 554 1284 in
577 1253 761 1284 Tusculano
780 1264 825 1285 m.
844 1253 949 1285 inlerc.
965 1257 1049 1294 post.
1070 1263 1101 1285 a.
1123 1255 1185 1294 708
1204 1252 1288 1296 (46).

605 1341 778 1373 CICERO
800 1341 982 1373 ATTICO
1004 1341 1110 1374 SAL.

138 1442 174 1475 15
249 1434 312 1472 De
333 1432 469 1472 Caelio
489 1431 590 1478 vide,
614 1445 771 1481 quaeso,
790 1445 840 1469 ne
861 1445 961 1481 quae
981 1433 1122 1470 lacuna
1142 1431 1191 1470 sit
1211 1431 1251 1469 in
1271 1445 1376 1470 auro.
1437 1433 1522 1482 Ego
1541 1442 1558 1469 1

194 1497 267 1536 ista
296 1511 376 1536 non
406 1496 508 1535 novi.
568 1497 645 1535 Sed
680 1504 784 1534 certe
818 1496 858 1533 in
888 1497 1046 1535 collubo
1076 1503 1134 1535 est
1163 1496 1388 1535 detrimenti
1418 1497 1519 1535 satis.

195 1565 290 1601 Huc
328 1575 466 1600 aurum
505 1561 537 1599 si
575 1561 854 1600 accedit—sed
893 1561 988 1611 quid
1031 1563 1200 1611 loquor?
1255 1563 1318 1600 Tu
1357 1561 1520 1600 videbis.

195 1628 334 1666 Habes
379 1625 576 1676 Hegesiae
613 1639 747 1676 genu-5,
789 1627 898 1675 quod
937 1628 1060 1664 Varro
1102 1628 1245 1665 laudat.
1304 1626 1435 1665 Venio
1472 1627 1566 1665 ad2

195 1692 499 1742 Tyrannionem.
558 1691 638 1729 Ain
659 1694 730 1730 tu?
759 1705 893 1730 verum
915 1693 991 1729 hoc
1012 1691 1113 1730 fuit?
1142 1691 1226 1730 sine
1247 1693 1339 1729 me?
1377 1694 1430 1730 At
1451 1705 1523 1742 ego

137 1770 175 1791 20
195 1758 389 1808 quotiens,
420 1770 510 1795 cum
541 1770 669 1795 essem
698 1757 860 1805 otiosus,
890 1757 973 1796 sine
1003 1765 1041 1796 te
1070 1764 1203 1795 tamen
1233 1756 1374 1796 nolui?
1431 1758 1523 1806 Quo

195 1824 317 1861 modo
337 1824 413 1860 hoc
434 1835 525 1872 ergo
552 1823 665 1861 lues?
720 1824 812 1860 Vno
833 1822 980 1860 scilicet
1001 1822 1031 1860 si
1056 1821 1153 1859 mihi
1180 1821 1322 1860 librum
1350 1821 1524 1869 miseris3

195 1888 303 1936 quod
323 1894 366 1924 ut
386 1886 504 1924 facias
525 1886 643 1925 etiam
663 1893 782 1936 atque
803 1887 920 1925 etiam
942 1900 1046 1937 rogo.
1108 1886 1193 1924 Etsi
1214 1900 1277 1925 me
1298 1900 1378 1925 non
1400 1886 1523 1937 magis

194 1951 292 1989 liber
318 1950 401 2000 ipse
428 1951 639 1989 delectabit
666 1964 785 2001 quam
812 1958 879 1989 tua
905 1951 1111 1990 admiratio
1139 1951 1357 1990 delectavit.
1416 1954 1522 1990 Amo

196 2015 301 2053 enim
335 2017 454 2054 πάντα
487 2016 732 2066 φιλειδήμονα
763 2023 880 2066 teque
913 2016 1027 2054 istam
1062 2024 1141 2054 tam
1177 2024 1336 2054 tenuem
1372 2017 1522 2067 θεωρίαν

138 2095 172 2125 25
196 2088 274 2118 tarn
302 2081 416 2118 valde
442 2080 677 2119 admiratum
705 2095 790 2120 esse
816 2083 980 2131 gaudeo.
1041 2082 1126 2120 Etsi
1153 2089 1220 2120 tua
1246 2081 1407 2131 quidem
1432 2090 1523 2120 sunt

196 2143 278 2182 eius
300 2144 408 2182 modi
433 2144 576 2182 omnia.
635 2145 741 2183 Scire
765 2145 870 2183 enim
895 2145 977 2193 vis3
1005 2159 1085 2195 quo
1108 2160 1189 2185 uno
1215 2145 1369 2184 animus
1396 2146 1520 2185 alitur.

197 2209 288 2255 Sed,
309 2221 467 2258 quaeso,
490 2208 586 2258 quid
607 2223 654 2247 ex
674 2209 746 2247 ista
765 2217 881 2248 acuta
901 2217 938 2247 et
958 2209 1062 2259 gravi
1083 2212 1244 2249 refertur
1264 2212 1315 2249 ad
1334 2212 1469 2252 τέλοςΡ

250 2274 328 2311 Sed
353 2274 469 2323 longa
497 2272 620 2312 oratio
648 2281 716 2320 est,
739 2281 778 2312 et
804 2281 846 2312 tu
872 2282 1086 2324 occupatus
1113 2288 1149 2312 es
1174 2275 1214 2313 in
1242 2289 1332 2315 meo
1359 2275 1521 2326 quidem

240 2387 259 2415 4
286 2377 337 2407 De
354 2375 429 2407 add.
446 2380 517 2408 vett.
673 2388 714 2416 24
737 2376 947 2417 φιλειδήμονα
964 2381 1034 2410 vett.
1050 2391 1057 2409 z
1081 2382 1329 2411 ΦῙΛΕΔΗΜΟΝ
1347 2380 1404 2411 M:
1429 2379 1522 2420 φιλό-

198 2420 296 2460 δημον
315 2420 345 2452 Ο
363 2420 449 2452 Crat.
467 2420 543 2452 Vict.
680 2422 722 2452 28
746 2431 782 2452 es
799 2421 874 2453 add.
893 2422 1012 2454 Lamb.
1103 2424 1239 2462 quidem
1257 2418 1360 2455 EZb:
1386 2435 1451 2456 om.
1471 2429 1500 2455 Δ
