<?xml version="1.0" encoding="UTF-8"?>
<!DOCTYPE html PUBLIC "-//W3C//DTD XHTML 1.0 Transitional//EN"
    "http://www.w3.org/TR/xhtml1/DTD/xhtml1-transitional.dtd">
<html xmlns="http://www.w3.org/1999/xhtml" xml:lang="en" lang="en">
 <head>
  <title>
</title>
<meta http-equiv="Content-Type" content="text/html;charset=utf-8" />
  <meta name='ocr-system' content='tesseract 3.04.00' />
  <meta name='ocr-capabilities' content='ocr_page ocr_carea ocr_par ocr_line ocrx_word'/>
</head>
<body>
  <div class='ocr_page' id='page_1' title='image "./epistulaerecogno0202ciceuoft_0218.png"; bbox 0 0 1827 2798; ppageno 0'>
   <div class='ocr_carea' id='block_1_1' title="bbox 162 131 1277 171">
    <p class='ocr_par' dir='ltr' id='par_1_1' title="bbox 162 131 1277 171">
     <span class='ocr_line' id='line_1_1' title="bbox 162 131 1277 171; baseline -0.002 -1"><span class='ocrx_word' id='word_1_1' title='bbox 162 132 270 171; x_wconf 87' lang='lat' dir='ltr'><strong>XIV.</strong></span> <span class='ocrx_word' id='word_1_2' title='bbox 290 132 335 170; x_wconf 86' lang='lat' dir='ltr'>xi</span> <span class='ocrx_word' id='word_1_3' title='bbox 681 132 737 171; x_wconf 94' lang='lat' dir='ltr'>M.</span> <span class='ocrx_word' id='word_1_4' title='bbox 769 131 937 169; x_wconf 91' lang='lat' dir='ltr'>TVLLI</span> <span class='ocrx_word' id='word_1_5' title='bbox 969 131 1277 170; x_wconf 88' lang='lat' dir='ltr'>CICERONIS</span> 
     </span>
    </p>
   </div>
   <div class='ocr_carea' id='block_1_2' title="bbox 274 451 291 478">
    <p class='ocr_par' dir='ltr' id='par_1_2' title="bbox 274 451 291 478">
     <span class='ocr_line' id='line_1_2' title="bbox 274 451 291 478; baseline 0 0"><span class='ocrx_word' id='word_1_6' title='bbox 274 451 291 478; x_wconf 96' lang='lat'>1</span> 
     </span>
    </p>
   </div>
   <div class='ocr_carea' id='block_1_3' title="bbox 261 1234 286 1261">
    <p class='ocr_par' dir='ltr' id='par_1_3' title="bbox 261 1234 286 1261">
     <span class='ocr_line' id='line_1_3' title="bbox 261 1234 286 1261; baseline 0 0"><span class='ocrx_word' id='word_1_7' title='bbox 261 1234 286 1261; x_wconf 85' lang='lat'><strong>2</strong></span> 
     </span>
    </p>
   </div>
   <div class='ocr_carea' id='block_1_4' title="bbox 354 261 1369 383">
    <p class='ocr_par' dir='ltr' id='par_1_4' title="bbox 354 261 1369 383">
     <span class='ocr_line' id='line_1_4' title="bbox 354 261 1369 305; baseline -0.002 -8"><span class='ocrx_word' id='word_1_8' title='bbox 354 261 421 297; x_wconf 86' lang='lat' dir='ltr'>XI</span> <span class='ocrx_word' id='word_1_9' title='bbox 623 262 692 295; x_wconf 84' lang='lat' dir='ltr'>Scr.</span> <span class='ocrx_word' id='word_1_10' title='bbox 713 264 746 294; x_wconf 81' lang='lat' dir='ltr'>in</span> <span class='ocrx_word' id='word_1_11' title='bbox 765 263 919 295; x_wconf 83' lang='lat' dir='ltr'>Cumano</span> <span class='ocrx_word' id='word_1_12' title='bbox 935 264 972 294; x_wconf 75' lang='lat' dir='ltr'>xi</span> <span class='ocrx_word' id='word_1_13' title='bbox 984 263 1028 294; x_wconf 91' lang='lat' dir='ltr'>K.</span> <span class='ocrx_word' id='word_1_14' title='bbox 1049 264 1130 296; x_wconf 80' lang='lat' dir='ltr'>Mai.</span> <span class='ocrx_word' id='word_1_15' title='bbox 1150 275 1181 296; x_wconf 85' lang='grc' dir='ltr'>α.</span> <span class='ocrx_word' id='word_1_16' title='bbox 1206 275 1262 304; x_wconf 86' lang='lat'>710</span> <span class='ocrx_word' id='word_1_17' title='bbox 1280 264 1369 305; x_wconf 71' lang='lat'><em>(44).</em></span> 
     </span>
     <span class='ocr_line' id='line_1_5' title="bbox 718 351 1233 383; baseline 0.002 -1"><span class='ocrx_word' id='word_1_18' title='bbox 718 351 893 382; x_wconf 83' lang='lat' dir='ltr'>CICERO</span> <span class='ocrx_word' id='word_1_19' title='bbox 928 351 1101 382; x_wconf 88' lang='lat' dir='ltr'>ATTICO</span> <span class='ocrx_word' id='word_1_20' title='bbox 1136 352 1233 383; x_wconf 87' lang='lat' dir='ltr'>SAL.</span> 
     </span>
    </p>
   </div>
   <div class='ocr_carea' id='block_1_5' title="bbox 309 440 1642 556">
    <p class='ocr_par' dir='ltr' id='par_1_5' title="bbox 309 440 1642 556">
     <span class='ocr_line' id='line_1_6' title="bbox 366 440 1642 492; baseline 0.002 -13"><span class='ocrx_word' id='word_1_21' title='bbox 366 440 521 480; x_wconf 91' lang='lat' dir='ltr'>Nudius</span> <span class='ocrx_word' id='word_1_22' title='bbox 557 440 692 480; x_wconf 88' lang='lat' dir='ltr'>tertius</span> <span class='ocrx_word' id='word_1_23' title='bbox 731 441 824 480; x_wconf 90' lang='lat' dir='ltr'>dedi</span> <span class='ocrx_word' id='word_1_24' title='bbox 858 443 908 480; x_wconf 88' lang='lat' dir='ltr'>ad</span> <span class='ocrx_word' id='word_1_25' title='bbox 940 449 978 480; x_wconf 91' lang='lat' dir='ltr'>te</span> <span class='ocrx_word' id='word_1_26' title='bbox 1010 441 1218 492; x_wconf 80' lang='lat' dir='ltr'>epistulam</span> <span class='ocrx_word' id='word_1_27' title='bbox 1252 442 1494 492; x_wconf 80' lang='lat' dir='ltr'>longiorem3</span> <span class='ocrx_word' id='word_1_28' title='bbox 1534 456 1642 483; x_wconf 89' lang='lat' dir='ltr'>nunc</span> 
     </span>
     <span class='ocr_line' id='line_1_7' title="bbox 309 506 1638 556; baseline 0.002 -11"><span class='ocrx_word' id='word_1_29' title='bbox 309 507 359 545; x_wconf 84' lang='lat' dir='ltr'>ad</span> <span class='ocrx_word' id='word_1_30' title='bbox 390 520 435 545; x_wconf 87' lang='lat' dir='ltr'>ea</span> <span class='ocrx_word' id='word_1_31' title='bbox 464 520 565 556; x_wconf 84' lang='lat' dir='ltr'>quae</span> <span class='ocrx_word' id='word_1_32' title='bbox 595 506 781 556; x_wconf 80' lang='lat' dir='ltr'>proxime.</span> <span class='ocrx_word' id='word_1_33' title='bbox 840 508 971 545; x_wconf 82' lang='lat' dir='ltr'>Velim</span> <span class='ocrx_word' id='word_1_34' title='bbox 1002 521 1065 545; x_wconf 91' lang='lat' dir='ltr'>me</span> <span class='ocrx_word' id='word_1_35' title='bbox 1095 509 1254 546; x_wconf 79' lang='lat' dir='ltr'><strong>hercule</strong></span> <span class='ocrx_word' id='word_1_36' title='bbox 1284 510 1450 547; x_wconf 82' lang='lat' dir='ltr'>Asturae</span> <span class='ocrx_word' id='word_1_37' title='bbox 1482 510 1638 547; x_wconf 89' lang='lat' dir='ltr'>Brutus.</span> 
     </span>
    </p>
   </div>
   <div class='ocr_carea' id='block_1_6' title="bbox 308 571 1677 623">
    <p class='ocr_par' dir='ltr' id='par_1_6' title="bbox 308 571 1677 623">
     <span class='ocr_line' id='line_1_8' title="bbox 308 571 1677 623; baseline 0.003 -14"><span class='ocrx_word' id='word_1_38' title='bbox 308 571 537 610; x_wconf 84' lang='grc' dir='ltr'>Ἀκολαο-ίαν</span> <span class='ocrx_word' id='word_1_39' title='bbox 557 571 721 610; x_wconf 89' lang='lat' dir='ltr'>istorum</span> <span class='ocrx_word' id='word_1_40' title='bbox 749 572 896 610; x_wconf 87' lang='lat' dir='ltr'>scribis.</span> <span class='ocrx_word' id='word_1_41' title='bbox 956 575 1020 610; x_wconf 88' lang='lat' dir='ltr'>An</span> <span class='ocrx_word' id='word_1_42' title='bbox 1047 573 1236 611; x_wconf 75' lang='lat' dir='ltr'>censebas</span> <span class='ocrx_word' id='word_1_43' title='bbox 1263 573 1402 612; x_wconf 91' lang='lat' dir='ltr'>aliter?</span> <span class='ocrx_word' id='word_1_44' title='bbox 1442 573 1640 623; x_wconf 83' lang='lat' dir='ltr'>Equidem</span> <span class='ocrx_word' id='word_1_45' title='bbox 1661 585 1677 615; x_wconf 89' lang='lat'>5</span> 
     </span>
    </p>
   </div>
   <div class='ocr_carea' id='block_1_7' title="bbox 305 636 1640 1207">
    <p class='ocr_par' dir='ltr' id='par_1_7' title="bbox 305 636 1640 1207">
     <span class='ocr_line' id='line_1_9' title="bbox 309 636 1640 690; baseline 0.002 -15"><span class='ocrx_word' id='word_1_46' title='bbox 309 636 426 675; x_wconf 88' lang='lat' dir='ltr'>etiam</span> <span class='ocrx_word' id='word_1_47' title='bbox 454 637 601 675; x_wconf 90' lang='lat' dir='ltr'>maiora</span> <span class='ocrx_word' id='word_1_48' title='bbox 628 645 824 687; x_wconf 84' lang='lat' dir='ltr'>exspecto.</span> <span class='ocrx_word' id='word_1_49' title='bbox 886 638 1019 686; x_wconf 85' lang='lat' dir='ltr'>Quom</span> <span class='ocrx_word' id='word_1_50' title='bbox 1049 636 1268 690; x_wconf 83' lang='lat' dir='ltr'>[equidem]</span> <span class='ocrx_word' id='word_1_51' title='bbox 1298 638 1526 677; x_wconf 88' lang='lat' dir='ltr'>contionem</span> <span class='ocrx_word' id='word_1_52' title='bbox 1554 641 1640 689; x_wconf 76' lang='lat' dir='ltr'>lego</span> 
     </span>
     <span class='ocr_line' id='line_1_10' title="bbox 311 701 1640 752; baseline 0.001 -12"><span class='ocrx_word' id='word_1_53' title='bbox 311 703 382 740; x_wconf 87' lang='lat' dir='ltr'>‘de</span> <span class='ocrx_word' id='word_1_54' title='bbox 414 710 523 740; x_wconf 85' lang='lat' dir='ltr'>tanto</span> <span class='ocrx_word' id='word_1_55' title='bbox 553 702 645 749; x_wconf 87' lang='lat' dir='ltr'>viro,</span> <span class='ocrx_word' id='word_1_56' title='bbox 676 704 726 740; x_wconf 90' lang='lat' dir='ltr'>de</span> <span class='ocrx_word' id='word_1_57' title='bbox 758 701 974 740; x_wconf 86' lang='lat' dir='ltr'>clarissimo</span> <span class='ocrx_word' id='word_1_58' title='bbox 1008 702 1106 750; x_wconf 83' lang='lat' dir='ltr'>civi‚&#39;</span> <span class='ocrx_word' id='word_1_59' title='bbox 1134 704 1230 741; x_wconf 89' lang='lat' dir='ltr'>ferre</span> <span class='ocrx_word' id='word_1_60' title='bbox 1265 716 1345 740; x_wconf 90' lang='lat' dir='ltr'>non</span> <span class='ocrx_word' id='word_1_61' title='bbox 1380 716 1494 752; x_wconf 86' lang='lat' dir='ltr'>queo.</span> <span class='ocrx_word' id='word_1_62' title='bbox 1556 704 1640 741; x_wconf 82' lang='lat' dir='ltr'>Etsi</span> 
     </span>
     <span class='ocr_line' id='line_1_11' title="bbox 308 766 1639 814; baseline 0.002 -10"><span class='ocrx_word' id='word_1_63' title='bbox 308 766 380 804; x_wconf 89' lang='lat' dir='ltr'>ista</span> <span class='ocrx_word' id='word_1_64' title='bbox 411 767 488 805; x_wconf 88' lang='lat' dir='ltr'>iam</span> <span class='ocrx_word' id='word_1_65' title='bbox 522 769 572 806; x_wconf 94' lang='lat' dir='ltr'>ad</span> <span class='ocrx_word' id='word_1_66' title='bbox 607 767 740 805; x_wconf 89' lang='lat' dir='ltr'>risum.</span> <span class='ocrx_word' id='word_1_67' title='bbox 798 768 876 805; x_wconf 87' lang='lat' dir='ltr'>Sed</span> <span class='ocrx_word' id='word_1_68' title='bbox 912 775 1125 814; x_wconf 78' lang='lat' dir='ltr'>memento,</span> <span class='ocrx_word' id='word_1_69' title='bbox 1157 768 1211 805; x_wconf 93' lang='lat' dir='ltr'>sic</span> <span class='ocrx_word' id='word_1_70' title='bbox 1246 767 1360 806; x_wconf 88' lang='lat' dir='ltr'>alitur</span> <span class='ocrx_word' id='word_1_71' title='bbox 1390 770 1639 807; x_wconf 83' lang='lat' dir='ltr'>consuetudo</span> 
     </span>
     <span class='ocr_line' id='line_1_12' title="bbox 307 831 1638 882; baseline 0.001 -12"><span class='ocrx_word' id='word_1_72' title='bbox 307 832 545 882; x_wconf 87' lang='lat' dir='ltr'>perditarum</span> <span class='ocrx_word' id='word_1_73' title='bbox 568 831 800 870; x_wconf 89' lang='lat' dir='ltr'>contionum</span> <span class='ocrx_word' id='word_1_74' title='bbox 822 840 863 869; x_wconf 92' lang='lat' dir='ltr'>ut</span> <span class='ocrx_word' id='word_1_75' title='bbox 884 832 1005 870; x_wconf 82' lang='lat' dir='ltr'>nostri</span> <span class='ocrx_word' id='word_1_76' title='bbox 1028 832 1081 869; x_wconf 91' lang='lat' dir='ltr'>illi</span> <span class='ocrx_word' id='word_1_77' title='bbox 1103 845 1183 870; x_wconf 92' lang='lat' dir='ltr'>non</span> <span class='ocrx_word' id='word_1_78' title='bbox 1206 834 1344 870; x_wconf 88' lang='lat' dir='ltr'>heroes</span> <span class='ocrx_word' id='word_1_79' title='bbox 1369 834 1439 871; x_wconf 93' lang='lat' dir='ltr'>sed</span> <span class='ocrx_word' id='word_1_80' title='bbox 1460 833 1500 871; x_wconf 90' lang='lat' dir='ltr'>di</span> <span class='ocrx_word' id='word_1_81' title='bbox 1521 833 1638 871; x_wconf 87' lang='lat' dir='ltr'>futuri</span> 
     </span>
     <span class='ocr_line' id='line_1_13' title="bbox 306 897 1637 947; baseline 0.001 -12"><span class='ocrx_word' id='word_1_82' title='bbox 306 897 467 946; x_wconf 84' lang='lat' dir='ltr'>quidem</span> <span class='ocrx_word' id='word_1_83' title='bbox 495 897 534 935; x_wconf 88' lang='lat' dir='ltr'>in</span> <span class='ocrx_word' id='word_1_84' title='bbox 561 897 681 947; x_wconf 84' lang='lat' dir='ltr'>gloria</span> <span class='ocrx_word' id='word_1_85' title='bbox 709 898 947 947; x_wconf 83' lang='lat' dir='ltr'>sempiterna</span> <span class='ocrx_word' id='word_1_86' title='bbox 974 897 1061 944; x_wconf 83' lang='lat' dir='ltr'>sint,</span> <span class='ocrx_word' id='word_1_87' title='bbox 1090 898 1159 935; x_wconf 88' lang='lat' dir='ltr'>sed</span> <span class='ocrx_word' id='word_1_88' title='bbox 1187 911 1267 936; x_wconf 88' lang='lat' dir='ltr'>non</span> <span class='ocrx_word' id='word_1_89' title='bbox 1296 898 1379 936; x_wconf 88' lang='lat' dir='ltr'>sine</span> <span class='ocrx_word' id='word_1_90' title='bbox 1406 897 1564 945; x_wconf 83' lang='lat' dir='ltr'>invidia,</span> <span class='ocrx_word' id='word_1_91' title='bbox 1588 911 1637 936; x_wconf 87' lang='lat' dir='ltr'>ne</span> 
     </span>
     <span class='ocr_line' id='line_1_14' title="bbox 306 961 1638 1012; baseline 0.002 -14"><span class='ocrx_word' id='word_1_92' title='bbox 306 961 389 1000; x_wconf 86' lang='lat' dir='ltr'>sine</span> <span class='ocrx_word' id='word_1_93' title='bbox 416 962 589 1011; x_wconf 89' lang='lat' dir='ltr'>periculo</span> <span class='ocrx_word' id='word_1_94' title='bbox 614 962 789 1012; x_wconf 85' lang='lat' dir='ltr'>quidem.</span> <span class='ocrx_word' id='word_1_95' title='bbox 847 964 994 1000; x_wconf 88' lang='lat' dir='ltr'>Verum</span> <span class='ocrx_word' id='word_1_96' title='bbox 1026 962 1099 999; x_wconf 89' lang='lat' dir='ltr'>illis</span> <span class='ocrx_word' id='word_1_97' title='bbox 1131 976 1272 1012; x_wconf 82' lang='lat' dir='ltr'>magna</span> <span class='ocrx_word' id='word_1_98' title='bbox 1302 963 1521 1001; x_wconf 86' lang='lat' dir='ltr'>consolatio</span> <span class='ocrx_word' id='word_1_99' title='bbox 1548 976 1638 1001; x_wconf 88' lang='lat' dir='ltr'>con-</span> 
     </span>
     <span class='ocr_line' id='line_1_15' title="bbox 306 1026 1638 1077; baseline 0.001 -13"><span class='ocrx_word' id='word_1_100' title='bbox 306 1027 469 1065; x_wconf 84' lang='lat' dir='ltr'>scientia</span> <span class='ocrx_word' id='word_1_101' title='bbox 498 1027 656 1065; x_wconf 84' lang='lat' dir='ltr'>maximi</span> <span class='ocrx_word' id='word_1_102' title='bbox 687 1035 724 1065; x_wconf 92' lang='lat' dir='ltr'>et</span> <span class='ocrx_word' id='word_1_103' title='bbox 754 1026 956 1065; x_wconf 80' lang='lat' dir='ltr'>clarissimi</span> <span class='ocrx_word' id='word_1_104' title='bbox 988 1026 1092 1073; x_wconf 86' lang='lat' dir='ltr'>facti,</span> <span class='ocrx_word' id='word_1_105' title='bbox 1121 1026 1236 1065; x_wconf 86' lang='lat' dir='ltr'>nobis</span> <span class='ocrx_word' id='word_1_106' title='bbox 1267 1029 1397 1077; x_wconf 82' lang='lat' dir='ltr'>quae?</span> <span class='ocrx_word' id='word_1_107' title='bbox 1432 1027 1498 1077; x_wconf 81' lang='lat' dir='ltr'>qui</span> <span class='ocrx_word' id='word_1_108' title='bbox 1526 1027 1638 1066; x_wconf 90' lang='lat' dir='ltr'>inter-</span> 
     </span>
     <span class='ocr_line' id='line_1_16' title="bbox 306 1092 1638 1142; baseline 0.001 -12"><span class='ocrx_word' id='word_1_109' title='bbox 306 1093 409 1130; x_wconf 83' lang='lat' dir='ltr'>fecto</span> <span class='ocrx_word' id='word_1_110' title='bbox 443 1106 531 1142; x_wconf 84' lang='lat' dir='ltr'>rege</span> <span class='ocrx_word' id='word_1_111' title='bbox 565 1092 676 1130; x_wconf 87' lang='lat' dir='ltr'>liberi</span> <span class='ocrx_word' id='word_1_112' title='bbox 711 1106 791 1130; x_wconf 89' lang='lat' dir='ltr'>non</span> <span class='ocrx_word' id='word_1_113' title='bbox 831 1106 976 1130; x_wconf 91' lang='lat' dir='ltr'>sumus.</span> <span class='ocrx_word' id='word_1_114' title='bbox 1047 1093 1125 1130; x_wconf 88' lang='lat' dir='ltr'>Sed</span> <span class='ocrx_word' id='word_1_115' title='bbox 1164 1093 1261 1130; x_wconf 84' lang='lat' dir='ltr'>haec</span> <span class='ocrx_word' id='word_1_116' title='bbox 1296 1094 1451 1130; x_wconf 89' lang='lat' dir='ltr'>fortuna</span> <span class='ocrx_word' id='word_1_117' title='bbox 1485 1092 1638 1139; x_wconf 87' lang='lat' dir='ltr'>viderit,</span> 
     </span>
     <span class='ocr_line' id='line_1_17' title="bbox 305 1157 963 1207; baseline 0.002 -13"><span class='ocrx_word' id='word_1_118' title='bbox 305 1157 492 1206; x_wconf 81' lang='lat' dir='ltr'>quoniam</span> <span class='ocrx_word' id='word_1_119' title='bbox 523 1157 621 1195; x_wconf 84' lang='lat' dir='ltr'>ratio</span> <span class='ocrx_word' id='word_1_120' title='bbox 651 1171 731 1196; x_wconf 92' lang='lat' dir='ltr'>non</span> <span class='ocrx_word' id='word_1_121' title='bbox 761 1157 963 1207; x_wconf 81' lang='lat' dir='ltr'>gubernat.</span> 
     </span>
    </p>
   </div>
   <div class='ocr_carea' id='block_1_8' title="bbox 361 1222 1692 1272">
    <p class='ocr_par' dir='ltr' id='par_1_8' title="bbox 361 1222 1692 1272">
     <span class='ocr_line' id='line_1_18' title="bbox 361 1222 1692 1272; baseline 0.002 -13"><span class='ocrx_word' id='word_1_122' title='bbox 361 1224 421 1261; x_wconf 85' lang='lat' dir='ltr'>De</span> <span class='ocrx_word' id='word_1_123' title='bbox 443 1222 635 1262; x_wconf 88' lang='lat' dir='ltr'>Cicerone</span> <span class='ocrx_word' id='word_1_124' title='bbox 657 1236 758 1272; x_wconf 84' lang='lat' dir='ltr'>quae</span> <span class='ocrx_word' id='word_1_125' title='bbox 785 1222 921 1260; x_wconf 89' lang='lat' dir='ltr'>scribis</span> <span class='ocrx_word' id='word_1_126' title='bbox 949 1222 1121 1261; x_wconf 86' lang='lat' dir='ltr'>iucunda</span> <span class='ocrx_word' id='word_1_127' title='bbox 1149 1222 1244 1260; x_wconf 88' lang='lat' dir='ltr'>mihi</span> <span class='ocrx_word' id='word_1_128' title='bbox 1273 1230 1387 1269; x_wconf 75' lang='lat' dir='ltr'>sunt:</span> <span class='ocrx_word' id='word_1_129' title='bbox 1416 1223 1532 1261; x_wconf 84' lang='lat' dir='ltr'>velim</span> <span class='ocrx_word' id='word_1_130' title='bbox 1558 1223 1635 1262; x_wconf 89' lang='lat' dir='ltr'>sint</span> <span class='ocrx_word' id='word_1_131' title='bbox 1678 1239 1692 1269; x_wconf 82' lang='grc'>;</span> 
     </span>
    </p>
   </div>
   <div class='ocr_carea' id='block_1_9' title="bbox 296 1287 1634 1990">
    <p class='ocr_par' dir='ltr' id='par_1_9' title="bbox 298 1287 1634 1782">
     <span class='ocr_line' id='line_1_19' title="bbox 303 1287 1633 1338; baseline 0.002 -13"><span class='ocrx_word' id='word_1_132' title='bbox 303 1301 497 1338; x_wconf 84' lang='lat' dir='ltr'>prospera.</span> <span class='ocrx_word' id='word_1_133' title='bbox 559 1289 680 1336; x_wconf 85' lang='lat' dir='ltr'>Quod</span> <span class='ocrx_word' id='word_1_134' title='bbox 708 1301 824 1326; x_wconf 88' lang='lat' dir='ltr'>curae</span> <span class='ocrx_word' id='word_1_135' title='bbox 852 1287 921 1325; x_wconf 85' lang='lat' dir='ltr'>tibi</span> <span class='ocrx_word' id='word_1_136' title='bbox 950 1295 1007 1326; x_wconf 87' lang='lat' dir='ltr'>est</span> <span class='ocrx_word' id='word_1_137' title='bbox 1028 1296 1070 1326; x_wconf 91' lang='lat' dir='ltr'>ut</span> <span class='ocrx_word' id='word_1_138' title='bbox 1091 1287 1125 1326; x_wconf 84' lang='lat' dir='ltr'>ei</span> <span class='ocrx_word' id='word_1_139' title='bbox 1155 1289 1427 1338; x_wconf 82' lang='lat' dir='ltr'>suppeditetur</span> <span class='ocrx_word' id='word_1_140' title='bbox 1447 1291 1497 1327; x_wconf 92' lang='lat' dir='ltr'>ad</span> <span class='ocrx_word' id='word_1_141' title='bbox 1519 1303 1633 1327; x_wconf 82' lang='lat' dir='ltr'>usum</span> 
     </span>
     <span class='ocr_line' id='line_1_20' title="bbox 302 1352 1634 1403; baseline 0.001 -12"><span class='ocrx_word' id='word_1_142' title='bbox 302 1360 340 1391; x_wconf 89' lang='lat' dir='ltr'>et</span> <span class='ocrx_word' id='word_1_143' title='bbox 366 1355 515 1391; x_wconf 92' lang='lat' dir='ltr'>cultum</span> <span class='ocrx_word' id='word_1_144' title='bbox 546 1353 706 1402; x_wconf 84' lang='lat' dir='ltr'>copiose</span> <span class='ocrx_word' id='word_1_145' title='bbox 736 1366 804 1402; x_wconf 86' lang='lat' dir='ltr'>per</span> <span class='ocrx_word' id='word_1_146' title='bbox 833 1352 929 1390; x_wconf 89' lang='lat' dir='ltr'>mihi</span> <span class='ocrx_word' id='word_1_147' title='bbox 956 1360 1109 1402; x_wconf 83' lang='lat' dir='ltr'>gratum</span> <span class='ocrx_word' id='word_1_148' title='bbox 1136 1361 1205 1400; x_wconf 85' lang='lat' dir='ltr'>est,</span> <span class='ocrx_word' id='word_1_149' title='bbox 1233 1353 1353 1403; x_wconf 82' lang='lat' dir='ltr'>idque</span> <span class='ocrx_word' id='word_1_150' title='bbox 1380 1362 1421 1392; x_wconf 88' lang='lat' dir='ltr'>ut</span> <span class='ocrx_word' id='word_1_151' title='bbox 1448 1354 1566 1392; x_wconf 89' lang='lat' dir='ltr'>facias</span> <span class='ocrx_word' id='word_1_152' title='bbox 1596 1362 1634 1392; x_wconf 90' lang='lat' dir='ltr'>te</span> 
     </span>
     <span class='ocr_line' id='line_1_21' title="bbox 301 1417 1633 1469; baseline 0.002 -14"><span class='ocrx_word' id='word_1_153' title='bbox 301 1417 418 1456; x_wconf 85' lang='lat' dir='ltr'>etiam</span> <span class='ocrx_word' id='word_1_154' title='bbox 440 1424 551 1467; x_wconf 71' lang='lat' dir='ltr'>alque</span> <span class='ocrx_word' id='word_1_155' title='bbox 574 1419 687 1456; x_wconf 75' lang='lat' dir='ltr'>ellam</span> <span class='ocrx_word' id='word_1_156' title='bbox 714 1431 819 1467; x_wconf 80' lang='lat' dir='ltr'>rogo.</span> <span class='ocrx_word' id='word_1_157' title='bbox 884 1420 944 1456; x_wconf 83' lang='lat' dir='ltr'>De</span> <span class='ocrx_word' id='word_1_158' title='bbox 977 1418 1193 1456; x_wconf 84' lang='lat' dir='ltr'>Buthrotiis</span> <span class='ocrx_word' id='word_1_159' title='bbox 1221 1426 1259 1456; x_wconf 90' lang='lat' dir='ltr'>et</span> <span class='ocrx_word' id='word_1_160' title='bbox 1287 1426 1328 1456; x_wconf 90' lang='lat' dir='ltr'>tu</span> <span class='ocrx_word' id='word_1_161' title='bbox 1356 1426 1459 1457; x_wconf 90' lang='lat' dir='ltr'>recte</span> <span class='ocrx_word' id='word_1_162' title='bbox 1486 1420 1633 1469; x_wconf 82' lang='lat' dir='ltr'>cogitas</span> 
     </span>
     <span class='ocr_line' id='line_1_22' title="bbox 300 1482 1632 1533; baseline 0.001 -12"><span class='ocrx_word' id='word_1_163' title='bbox 300 1490 337 1521; x_wconf 83' lang='lat' dir='ltr'>et</span> <span class='ocrx_word' id='word_1_164' title='bbox 358 1497 430 1533; x_wconf 79' lang='lat' dir='ltr'>ego</span> <span class='ocrx_word' id='word_1_165' title='bbox 458 1497 538 1521; x_wconf 89' lang='lat' dir='ltr'>non</span> <span class='ocrx_word' id='word_1_166' title='bbox 559 1482 716 1521; x_wconf 91' lang='lat' dir='ltr'>dimitto</span> <span class='ocrx_word' id='word_1_167' title='bbox 744 1482 858 1520; x_wconf 88' lang='lat' dir='ltr'>istam</span> <span class='ocrx_word' id='word_1_168' title='bbox 886 1496 1032 1520; x_wconf 85' lang='lat' dir='ltr'>curam.</span> <span class='ocrx_word' id='word_1_169' title='bbox 1092 1483 1310 1533; x_wconf 88' lang='lat' dir='ltr'>Suscipiam</span> <span class='ocrx_word' id='word_1_170' title='bbox 1333 1497 1493 1522; x_wconf 90' lang='lat' dir='ltr'>omnem</span> <span class='ocrx_word' id='word_1_171' title='bbox 1515 1484 1632 1522; x_wconf 86' lang='lat' dir='ltr'>etiam</span> 
     </span>
     <span class='ocr_line' id='line_1_23' title="bbox 298 1547 1631 1598; baseline 0.001 -12"><span class='ocrx_word' id='word_1_172' title='bbox 298 1548 495 1586; x_wconf 86' lang='lat' dir='ltr'>actionem</span> <span class='ocrx_word' id='word_1_173' title='bbox 535 1562 653 1598; x_wconf 88' lang='lat' dir='ltr'>quam</span> <span class='ocrx_word' id='word_1_174' title='bbox 693 1547 810 1586; x_wconf 83' lang='lat' dir='ltr'>video</span> <span class='ocrx_word' id='word_1_175' title='bbox 848 1548 993 1586; x_wconf 85' lang='lat' dir='ltr'>cotidie</span> <span class='ocrx_word' id='word_1_176' title='bbox 1033 1548 1259 1586; x_wconf 82' lang='lat' dir='ltr'>faciliorem.</span> <span class='ocrx_word' id='word_1_177' title='bbox 1323 1551 1385 1587; x_wconf 86' lang='lat' dir='ltr'>De</span> <span class='ocrx_word' id='word_1_178' title='bbox 1425 1549 1631 1597; x_wconf 80' lang='lat' dir='ltr'>Cluviano,</span> 
     </span>
     <span class='ocr_line' id='line_1_24' title="bbox 298 1613 1632 1663; baseline 0.001 -12"><span class='ocrx_word' id='word_1_179' title='bbox 298 1613 487 1663; x_wconf 88' lang='lat' dir='ltr'>quoniam</span> <span class='ocrx_word' id='word_1_180' title='bbox 526 1613 565 1651; x_wconf 90' lang='lat' dir='ltr'>in</span> <span class='ocrx_word' id='word_1_181' title='bbox 605 1628 644 1652; x_wconf 93' lang='lat' dir='ltr'>re</span> <span class='ocrx_word' id='word_1_182' title='bbox 685 1627 772 1651; x_wconf 86' lang='lat' dir='ltr'>mea</span> <span class='ocrx_word' id='word_1_183' title='bbox 812 1627 874 1651; x_wconf 92' lang='lat' dir='ltr'>me</span> <span class='ocrx_word' id='word_1_184' title='bbox 914 1613 1043 1663; x_wconf 88' lang='lat' dir='ltr'>ipsum</span> <span class='ocrx_word' id='word_1_185' title='bbox 1083 1613 1285 1663; x_wconf 73' lang='lat' dir='ltr'>diligentia</span> <span class='ocrx_word' id='word_1_186' title='bbox 1315 1613 1448 1661; x_wconf 89' lang='lat' dir='ltr'>vincis,</span> <span class='ocrx_word' id='word_1_187' title='bbox 1484 1628 1542 1652; x_wconf 83' lang='lat' dir='ltr'>res</span> <span class='ocrx_word' id='word_1_188' title='bbox 1580 1616 1632 1652; x_wconf 87' lang='lat' dir='ltr'>ad</span> 
     </span>
     <span class='ocr_line' id='line_1_25' title="bbox 298 1678 1632 1729; baseline 0.001 -12"><span class='ocrx_word' id='word_1_189' title='bbox 298 1687 464 1718; x_wconf 87' lang='lat' dir='ltr'>centena</span> <span class='ocrx_word' id='word_1_190' title='bbox 484 1679 723 1729; x_wconf 90' lang='lat' dir='ltr'>perducitur.</span> <span class='ocrx_word' id='word_1_191' title='bbox 785 1678 916 1716; x_wconf 87' lang='lat' dir='ltr'>Ruina</span> <span class='ocrx_word' id='word_1_192' title='bbox 937 1692 1018 1716; x_wconf 91' lang='lat' dir='ltr'>rem</span> <span class='ocrx_word' id='word_1_193' title='bbox 1041 1692 1122 1717; x_wconf 90' lang='lat' dir='ltr'>non</span> <span class='ocrx_word' id='word_1_194' title='bbox 1144 1679 1234 1717; x_wconf 88' lang='lat' dir='ltr'>fecit</span> <span class='ocrx_word' id='word_1_195' title='bbox 1256 1679 1500 1726; x_wconf 81' lang='lat' dir='ltr'>deteriorem,</span> <span class='ocrx_word' id='word_1_196' title='bbox 1524 1681 1632 1718; x_wconf 88' lang='lat' dir='ltr'>haud</span> 
     </span>
     <span class='ocr_line' id='line_1_26' title="bbox 298 1743 919 1782; baseline -0.002 0"><span class='ocrx_word' id='word_1_197' title='bbox 298 1744 379 1782; x_wconf 88' lang='lat' dir='ltr'>scio</span> <span class='ocrx_word' id='word_1_198' title='bbox 399 1758 449 1782; x_wconf 88' lang='lat' dir='ltr'>an</span> <span class='ocrx_word' id='word_1_199' title='bbox 471 1744 587 1782; x_wconf 83' lang='lat' dir='ltr'>etiam</span> <span class='ocrx_word' id='word_1_200' title='bbox 610 1743 919 1782; x_wconf 88' lang='lat' dir='ltr'>fructuosiorem.</span> 
     </span>
    </p>

    <p class='ocr_par' dir='ltr' id='par_1_10' title="bbox 296 1809 1630 1990">
     <span class='ocr_line' id='line_1_27' title="bbox 352 1809 1630 1857; baseline 0.002 -11"><span class='ocrx_word' id='word_1_201' title='bbox 352 1809 432 1847; x_wconf 90' lang='lat' dir='ltr'>Hic</span> <span class='ocrx_word' id='word_1_202' title='bbox 463 1822 619 1847; x_wconf 89' lang='lat' dir='ltr'>mecum</span> <span class='ocrx_word' id='word_1_203' title='bbox 649 1809 810 1856; x_wconf 80' lang='lat' dir='ltr'>Balbus,</span> <span class='ocrx_word' id='word_1_204' title='bbox 838 1809 1001 1857; x_wconf 87' lang='lat' dir='ltr'>Hirtius,</span> <span class='ocrx_word' id='word_1_205' title='bbox 1027 1812 1164 1848; x_wconf 81' lang='lat' dir='ltr'>Pansa.</span> <span class='ocrx_word' id='word_1_206' title='bbox 1226 1811 1354 1848; x_wconf 92' lang='lat' dir='ltr'>Modo</span> <span class='ocrx_word' id='word_1_207' title='bbox 1381 1810 1486 1848; x_wconf 87' lang='lat' dir='ltr'>venit</span> <span class='ocrx_word' id='word_1_208' title='bbox 1514 1811 1630 1849; x_wconf 86' lang='lat' dir='ltr'>Octa-</span> 
     </span>
     <span class='ocr_line' id='line_1_28' title="bbox 297 1873 1627 1925; baseline -0.001 -12"><span class='ocrx_word' id='word_1_209' title='bbox 297 1874 380 1913; x_wconf 91' lang='lat' dir='ltr'>vius</span> <span class='ocrx_word' id='word_1_210' title='bbox 415 1882 452 1913; x_wconf 89' lang='lat' dir='ltr'>et</span> <span class='ocrx_word' id='word_1_211' title='bbox 484 1874 645 1924; x_wconf 86' lang='lat' dir='ltr'>quidem</span> <span class='ocrx_word' id='word_1_212' title='bbox 687 1873 726 1911; x_wconf 92' lang='lat' dir='ltr'>in</span> <span class='ocrx_word' id='word_1_213' title='bbox 764 1874 980 1923; x_wconf 86' lang='lat' dir='ltr'>proximam</span> <span class='ocrx_word' id='word_1_214' title='bbox 1015 1875 1146 1913; x_wconf 88' lang='lat' dir='ltr'>villam</span> <span class='ocrx_word' id='word_1_215' title='bbox 1182 1875 1353 1925; x_wconf 88' lang='lat' dir='ltr'>Philippi</span> <span class='ocrx_word' id='word_1_216' title='bbox 1393 1874 1489 1912; x_wconf 85' lang='lat' dir='ltr'>mihi</span> <span class='ocrx_word' id='word_1_217' title='bbox 1522 1882 1627 1913; x_wconf 89' lang='lat' dir='ltr'>totus</span> 
     </span>
     <span class='ocr_line' id='line_1_29' title="bbox 296 1938 1628 1990; baseline -0.001 -12"><span class='ocrx_word' id='word_1_218' title='bbox 296 1939 466 1978; x_wconf 89' lang='lat' dir='ltr'>deditus.</span> <span class='ocrx_word' id='word_1_219' title='bbox 524 1940 716 1977; x_wconf 87' lang='lat' dir='ltr'>Lentulus</span> <span class='ocrx_word' id='word_1_220' title='bbox 757 1938 941 1989; x_wconf 83' lang='lat' dir='ltr'>Spinther</span> <span class='ocrx_word' id='word_1_221' title='bbox 971 1939 1090 1978; x_wconf 91' lang='lat' dir='ltr'>hodie</span> <span class='ocrx_word' id='word_1_222' title='bbox 1121 1941 1226 1990; x_wconf 89' lang='lat' dir='ltr'>apud</span> <span class='ocrx_word' id='word_1_223' title='bbox 1260 1954 1347 1988; x_wconf 78' lang='lat' dir='ltr'>me3</span> <span class='ocrx_word' id='word_1_224' title='bbox 1393 1953 1476 1978; x_wconf 83' lang='lat' dir='ltr'>cras</span> <span class='ocrx_word' id='word_1_225' title='bbox 1512 1953 1628 1978; x_wconf 86' lang='lat' dir='ltr'>mane</span> 
     </span>
    </p>
   </div>
   <div class='ocr_carea' id='block_1_10' title="bbox 295 2004 414 2043">
    <p class='ocr_par' dir='ltr' id='par_1_11' title="bbox 295 2004 414 2043">
     <span class='ocr_line' id='line_1_30' title="bbox 295 2004 414 2043; baseline -0.008 0"><span class='ocrx_word' id='word_1_226' title='bbox 295 2004 414 2043; x_wconf 89' lang='lat' dir='ltr'>vadit.</span> 
     </span>
    </p>
   </div>
   <div class='ocr_carea' id='block_1_11' title="bbox 293 2109 1626 2359">
    <p class='ocr_par' dir='ltr' id='par_1_12' title="bbox 293 2109 1626 2359">
     <span class='ocr_line' id='line_1_31' title="bbox 337 2109 1626 2151; baseline 0.001 -11"><span class='ocrx_word' id='word_1_227' title='bbox 337 2111 358 2140; x_wconf 89' lang='lat'><strong>6</strong></span> <span class='ocrx_word' id='word_1_228' title='bbox 382 2109 490 2149; x_wconf 86' lang='lat' dir='ltr'>Quom</span> <span class='ocrx_word' id='word_1_229' title='bbox 515 2114 584 2142; x_wconf 81' lang='lat' dir='ltr'>vett.</span> <span class='ocrx_word' id='word_1_230' title='bbox 605 2123 612 2143; x_wconf 70' lang='grc' dir='ltr'><em>ε</em></span> <span class='ocrx_word' id='word_1_231' title='bbox 653 2112 734 2150; x_wconf 90' lang='lat' dir='ltr'>quin</span> <span class='ocrx_word' id='word_1_232' title='bbox 759 2110 801 2140; x_wconf 92' lang='lat' dir='ltr'><em>M</em></span> <span class='ocrx_word' id='word_1_233' title='bbox 887 2110 1043 2150; x_wconf 85' lang='lat' dir='ltr'>equidem</span> <span class='ocrx_word' id='word_1_234' title='bbox 1068 2111 1137 2142; x_wconf 82' lang='lat' dir='ltr'>secl.</span> <span class='ocrx_word' id='word_1_235' title='bbox 1168 2109 1356 2151; x_wconf 80' lang='lat' dir='ltr'>Wesenberg</span> <span class='ocrx_word' id='word_1_236' title='bbox 1492 2121 1530 2141; x_wconf 92' lang='lat' dir='ltr'>Io</span> <span class='ocrx_word' id='word_1_237' title='bbox 1549 2110 1626 2141; x_wconf 85' lang='lat' dir='ltr'>Sine</span> 
     </span>
     <span class='ocr_line' id='line_1_32' title="bbox 294 2150 1621 2194; baseline 0.001 -11"><span class='ocrx_word' id='word_1_238' title='bbox 294 2153 417 2184; x_wconf 87' lang='lat' dir='ltr'>invidia</span> <span class='ocrx_word' id='word_1_239' title='bbox 435 2164 476 2184; x_wconf 85' lang='lat' dir='ltr'>ne</span> <span class='ocrx_word' id='word_1_240' title='bbox 497 2150 554 2184; x_wconf 65' lang='grc' dir='ltr'>ΖΜ</span> <span class='ocrx_word' id='word_1_241' title='bbox 576 2155 625 2194; x_wconf 86' lang='lat' dir='ltr'><em>(cf.</em></span> <span class='ocrx_word' id='word_1_242' title='bbox 653 2155 795 2185; x_wconf 79' lang='lat' dir='ltr'>Turneln&#39;</span> <span class='ocrx_word' id='word_1_243' title='bbox 814 2153 1056 2185; x_wconf 76' lang='lat' dir='ltr'>‘Adversaria&#39;</span> <span class='ocrx_word' id='word_1_244' title='bbox 1080 2154 1151 2186; x_wconf 82' lang='lat' dir='ltr'>xiii.</span> <span class='ocrx_word' id='word_1_245' title='bbox 1176 2156 1209 2192; x_wconf 84' lang='lat'>5)</span> <span class='ocrx_word' id='word_1_246' title='bbox 1228 2154 1256 2183; x_wconf 96' lang='lat' dir='ltr'><em>L</em></span> <span class='ocrx_word' id='word_1_247' title='bbox 1274 2154 1417 2194; x_wconf 77' lang='lat' dir='ltr'>(marg.)</span> <span class='ocrx_word' id='word_1_248' title='bbox 1436 2164 1464 2185; x_wconf 90' lang='lat' dir='ltr'>v.</span> <span class='ocrx_word' id='word_1_249' title='bbox 1486 2165 1529 2184; x_wconf 72' lang='grc' dir='ltr'>ι.;</span> <span class='ocrx_word' id='word_1_250' title='bbox 1558 2164 1621 2184; x_wconf 86' lang='lat' dir='ltr'>om.</span> 
     </span>
     <span class='ocr_line' id='line_1_33' title="bbox 296 2193 1625 2237; baseline 0 -10"><span class='ocrx_word' id='word_1_251' title='bbox 296 2200 348 2227; x_wconf 87' lang='grc' dir='ltr'>ΣΔ</span> <span class='ocrx_word' id='word_1_252' title='bbox 471 2209 508 2237; x_wconf 89' lang='lat'>14</span> <span class='ocrx_word' id='word_1_253' title='bbox 535 2199 621 2229; x_wconf 85' lang='lat' dir='ltr'>ratio</span> <span class='ocrx_word' id='word_1_254' title='bbox 641 2209 707 2229; x_wconf 88' lang='lat' dir='ltr'>non</span> <span class='ocrx_word' id='word_1_255' title='bbox 726 2201 749 2229; x_wconf 86' lang='grc' dir='ltr'>Σ</span> <span class='ocrx_word' id='word_1_256' title='bbox 766 2210 772 2229; x_wconf 89' lang='lat'>:</span> <span class='ocrx_word' id='word_1_257' title='bbox 798 2199 929 2228; x_wconf 83' lang='lat' dir='ltr'>ratione</span> <span class='ocrx_word' id='word_1_258' title='bbox 947 2203 975 2228; x_wconf 90' lang='grc' dir='ltr'>Δ</span> <span class='ocrx_word' id='word_1_259' title='bbox 1111 2200 1150 2228; x_wconf 89' lang='lat'>16</span> <span class='ocrx_word' id='word_1_260' title='bbox 1173 2208 1275 2228; x_wconf 86' lang='lat' dir='ltr'>curae</span> <span class='ocrx_word' id='word_1_261' title='bbox 1295 2198 1368 2229; x_wconf 72' lang='lat' dir='ltr'><em>Vz&#39;ct.</em></span> <span class='ocrx_word' id='word_1_262' title='bbox 1389 2208 1395 2227; x_wconf 91' lang='lat'>:</span> <span class='ocrx_word' id='word_1_263' title='bbox 1420 2208 1500 2227; x_wconf 86' lang='lat' dir='ltr'>vere</span> <span class='ocrx_word' id='word_1_264' title='bbox 1517 2193 1599 2226; x_wconf 76' lang='lat' dir='ltr'>MZ⁶</span> <span class='ocrx_word' id='word_1_265' title='bbox 1618 2208 1625 2227; x_wconf 90' lang='lat'>:</span> 
     </span>
     <span class='ocr_line' id='line_1_34' title="bbox 294 2241 1624 2281; baseline 0.002 -12"><span class='ocrx_word' id='word_1_266' title='bbox 294 2250 374 2270; x_wconf 86' lang='lat' dir='ltr'>vero</span> <span class='ocrx_word' id='word_1_267' title='bbox 391 2252 491 2272; x_wconf 83' lang='lat' dir='ltr'>curae</span> <span class='ocrx_word' id='word_1_268' title='bbox 510 2242 609 2274; x_wconf 82' lang='lat' dir='ltr'>Rom.</span> <span class='ocrx_word' id='word_1_269' title='bbox 785 2243 823 2272; x_wconf 89' lang='lat'>18</span> <span class='ocrx_word' id='word_1_270' title='bbox 847 2247 947 2281; x_wconf 77' lang='lat' dir='ltr'>alque</span> <span class='ocrx_word' id='word_1_271' title='bbox 965 2242 1067 2272; x_wconf 87' lang='lat' dir='ltr'>etiam</span> <span class='ocrx_word' id='word_1_272' title='bbox 1083 2241 1160 2272; x_wconf 87' lang='lat' dir='ltr'>add.</span> <span class='ocrx_word' id='word_1_273' title='bbox 1184 2241 1285 2273; x_wconf 78' lang='lat' dir='ltr'>Orelli</span> <span class='ocrx_word' id='word_1_274' title='bbox 1444 2251 1485 2271; x_wconf 84' lang='lat'>22</span> <span class='ocrx_word' id='word_1_275' title='bbox 1512 2241 1624 2271; x_wconf 83' lang='lat' dir='ltr'>Ruina</span> 
     </span>
     <span class='ocr_line' id='line_1_35' title="bbox 299 2282 1625 2324; baseline 0.001 -11"><span class='ocrx_word' id='word_1_276' title='bbox 299 2282 373 2315; x_wconf 76' lang='lat' dir='ltr'><em>Vict.</em></span> <span class='ocrx_word' id='word_1_277' title='bbox 391 2296 397 2314; x_wconf 77' lang='lat' dir='ltr'><em>z</em></span> <span class='ocrx_word' id='word_1_278' title='bbox 428 2295 492 2315; x_wconf 85' lang='lat' dir='ltr'>una</span> <span class='ocrx_word' id='word_1_279' title='bbox 511 2284 552 2315; x_wconf 92' lang='lat' dir='ltr'><em>M</em></span> <span class='ocrx_word' id='word_1_280' title='bbox 709 2295 751 2324; x_wconf 83' lang='lat'>23</span> <span class='ocrx_word' id='word_1_281' title='bbox 775 2285 875 2316; x_wconf 86' lang='lat' dir='ltr'>etiam</span> <span class='ocrx_word' id='word_1_282' title='bbox 897 2286 1016 2318; x_wconf 85' lang='lat' dir='ltr'>Lamb.</span> <span class='ocrx_word' id='word_1_283' title='bbox 1033 2296 1039 2318; x_wconf 93' lang='lat'>:</span> <span class='ocrx_word' id='word_1_284' title='bbox 1072 2285 1138 2316; x_wconf 87' lang='lat' dir='ltr'>iam</span> <span class='ocrx_word' id='word_1_285' title='bbox 1156 2285 1198 2316; x_wconf 90' lang='lat' dir='ltr'><em>M</em></span> <span class='ocrx_word' id='word_1_286' title='bbox 1356 2285 1398 2315; x_wconf 84' lang='lat'>26</span> <span class='ocrx_word' id='word_1_287' title='bbox 1421 2285 1556 2316; x_wconf 83' lang='lat' dir='ltr'>deditus</span> <span class='ocrx_word' id='word_1_288' title='bbox 1573 2288 1625 2315; x_wconf 87' lang='lat' dir='ltr'>est</span> 
     </span>
     <span class='ocr_line' id='line_1_36' title="bbox 293 2328 839 2359; baseline 0.004 -2"><span class='ocrx_word' id='word_1_289' title='bbox 293 2328 373 2359; x_wconf 80' lang='lat' dir='ltr'>coni.</span> <span class='ocrx_word' id='word_1_290' title='bbox 396 2328 497 2358; x_wconf 74' lang='lat' dir='ltr'><em>Orelli</em></span> <span class='ocrx_word' id='word_1_291' title='bbox 625 2339 678 2359; x_wconf 88' lang='lat' dir='ltr'>me</span> <span class='ocrx_word' id='word_1_292' title='bbox 694 2339 760 2359; x_wconf 84' lang='lat' dir='ltr'>om.</span> <span class='ocrx_word' id='word_1_293' title='bbox 781 2329 823 2359; x_wconf 88' lang='grc' dir='ltr'><em>Μ</em></span> <span class='ocrx_word' id='word_1_294' title='bbox 831 2329 839 2346; x_wconf 82' lang='lat'><strong>¹</strong></span> 
     </span>
    </p>
   </div>
   <div class='ocr_carea' id='block_1_12' title="bbox 1661 912 1699 934">
    <p class='ocr_par' dir='ltr' id='par_1_13' title="bbox 1661 912 1699 934">
     <span class='ocr_line' id='line_1_37' title="bbox 1661 912 1699 934; baseline 0.026 -1"><span class='ocrx_word' id='word_1_295' title='bbox 1661 912 1699 934; x_wconf 82' lang='lat'>10</span> 
     </span>
    </p>
   </div>
   <div class='ocr_carea' id='block_1_13' title="bbox 1655 1564 1694 1585">
    <p class='ocr_par' dir='ltr' id='par_1_14' title="bbox 1655 1564 1694 1585">
     <span class='ocr_line' id='line_1_38' title="bbox 1655 1564 1694 1585; baseline 0 0"><span class='ocrx_word' id='word_1_296' title='bbox 1655 1564 1694 1585; x_wconf 89' lang='lat'>20</span> 
     </span>
    </p>
   </div>
   <div class='ocr_carea' id='block_1_14' title="bbox 1813 1366 1827 2224">
    <p class='ocr_par' dir='ltr' id='par_1_15' title="bbox 1813 1366 1827 2224">
     <span class='ocr_line' id='line_1_39' title="bbox 1813 1366 1827 2224; baseline 0 0"><span class='ocrx_word' id='word_1_297' title='bbox 1813 1366 1827 2224; x_wconf 95' lang='lat' dir='ltr'> </span> 
     </span>
    </p>
   </div>
  </div>
 </body>
</html>
