1827 2798
185 131 305 170 XIII.
328 133 469 171 xxxix
700 136 757 173 M.
789 136 957 172 TVLLI
990 135 1298 174 CICERONIS

335 244 473 282 Libros
505 244 601 282 mihi
631 245 681 283 de
711 244 855 294 quibus
884 246 935 284 ad
963 253 1000 284 te
1027 253 1142 284 antea
1169 246 1306 297 scripsi
1326 245 1443 286 velim
1472 246 1601 286 mittas
1629 254 1667 286 et

334 309 502 348 maxime
523 309 682 359 Φαίδρου
701 310 784 360 περὶ
805 310 896 349 θεῶν
915 318 953 349 et
974 312 1270 354 †HAAIAOE†.

376 456 457 490 XL
548 456 618 490 Scr.
637 458 671 490 in
692 457 879 490 Tusculano
892 459 937 490 vii
950 463 1010 490 aut
1021 460 1055 490 vi
1067 459 1118 492 Id.
1136 459 1225 492 Sext.
1245 471 1274 492 a.
1298 471 1357 502 709
1377 460 1456 502 (45).

744 547 913 578 CICERO
943 547 1125 579 ATTICO
1154 547 1261 580 SAL.

298 651 313 675 1
390 639 533 677 Itane?
561 637 716 676 nuntiat
739 640 881 676 Brutus
902 638 1011 676 illurn
1032 640 1083 677 ad
1104 639 1231 677 bonos
1252 637 1383 677 viros?
1439 640 1664 692 Εὖαγγέλια,
1688 653 1703 684 ,-

335 703 412 740 Sed
452 702 519 740 ubi
558 704 656 740 eos?
702 702 776 740 nisi
816 704 914 741 forte
953 717 993 741 se
1028 703 1243 753 suspendit.
1314 703 1421 744 †Hic
1455 712 1587 743 autem
1625 712 1668 742 ut

334 767 475 804 fultum
506 772 601 807 est.†
658 767 737 804 Vbi
765 767 879 817 igitur
903 769 1162 818 φιλοτέχνημα
1191 767 1288 806 illud
1315 775 1426 805 tuum
1452 769 1559 818 quod
1587 768 1667 806 vidi

334 831 374 869 in
414 833 674 878 Parthenone,
717 834 885 870 Ahalam
927 840 964 871 et
1005 834 1200 871 Brutum?
1270 834 1348 870 Sed
1388 832 1483 882 quid
1523 832 1668 871 faciat?

336 897 440 935 Illud
471 897 630 946 optime,
663 898 761 935 ‘Sed
792 911 841 935 ne
872 897 903 935 is
933 897 1095 947 quidem
1126 897 1193 947 qui
1223 896 1401 934 omnium
1432 896 1666 946 flagitiorum

333 968 470 999 auctor
501 962 602 1000 bene
632 963 682 1000 de
712 963 871 999 nostro.⁷
928 964 981 1000 At
1012 975 1084 1012 ego
1108 962 1269 999 verebar
1298 975 1348 999 ne
1375 961 1492 999 etiam
1525 963 1666 999 Brutus

334 1040 425 1064 eum
447 1026 647 1076 diligeret3
687 1026 739 1064 ita
769 1026 874 1064 enim
903 1026 1137 1076 significarat
1163 1026 1208 1064 iis
1232 1026 1368 1064 litteris
1393 1039 1489 1075 quas
1513 1027 1563 1064 ad
1591 1040 1665 1073 me,

334 1094 412 1129 ‘At
437 1093 577 1130 vellem
605 1091 753 1142 aliquid
782 1093 1030 1142 degustasses
1058 1093 1108 1130 de
1135 1091 1301 1130 fabulis?
1359 1092 1437 1130 Sed
1458 1105 1600 1138 coram,
1625 1100 1666 1129 ut

335 1156 482 1194 scribis.

292 1234 317 1262 2
391 1221 474 1259 Etsi
496 1221 591 1271 quid
613 1221 666 1259 mi
686 1229 822 1260 auctor
840 1224 912 1260 es?
940 1224 1136 1261 advolone
1163 1236 1212 1260 an
1238 1224 1409 1260 maneo?
1468 1221 1665 1271 Equidem

334 1294 372 1324 et
393 1286 432 1323 in
453 1285 559 1324 libris
587 1287 729 1324 haereo
751 1293 788 1324 et
816 1286 926 1324 illum
947 1287 1010 1324 hic
1039 1286 1216 1337 excipere
1244 1289 1361 1335 nolo;
1391 1288 1442 1325 ad
1470 1300 1600 1336 quem,
1624 1294 1665 1324 ut
1711 1302 1721 1307 ·

332 1351 463 1398 audio⁷
505 1359 614 1401 pater
645 1351 764 1389 hodie
797 1353 848 1389 ad
887 1353 987 1390 Saxa
1026 1351 1301 1392 †acrimonia.†
1360 1352 1507 1390 Mirum
1546 1365 1665 1401 quam

334 1416 515 1454 inimicus
536 1415 617 1454 ibat
638 1424 679 1453 ut
701 1430 773 1466 ego
794 1415 1051 1466 obiurgarem.
1113 1418 1191 1455 Sed
1211 1430 1284 1467 ego
1311 1416 1394 1467 ipse
1416 1418 1664 1466 κεκέπφωμαι.

335 1483 475 1530 Itaque
509 1482 684 1530 posthac.
744 1482 807 1518 Tu
846 1489 978 1519 tamen
1018 1481 1107 1520 vide
1147 1481 1243 1532 quid
1282 1483 1332 1520 de
1370 1483 1543 1520 adventu
1578 1495 1667 1520 meo

332 1559 493 1584 censeas
520 1553 558 1584 et
578 1548 624 1584 τὰ
643 1546 723 1594 ὅλα,
748 1559 831 1584 cras
853 1545 883 1584 si
905 1546 1073 1596 perspici
1102 1546 1311 1597 potuerint,
1335 1560 1451 1586 mane
1473 1545 1603 1585 statim
1624 1554 1668 1585 ut

332 1624 464 1649 seiam.

376 1758 480 1793 XLI
562 1761 630 1793 Scr.
651 1762 683 1792 in
705 1760 891 1793 Tusculano
907 1764 1014 1795 vlunt
1030 1776 1049 1795 v
1066 1764 1115 1795 Id.
1134 1764 1221 1796 Sext.
1243 1776 1274 1797 a.
1294 1775 1353 1806 709
1372 1765 1453 1806 (45).

744 1851 915 1882 CICERO
944 1852 1126 1884 ATTICO
1157 1852 1265 1885 SAL.

296 1949 315 1977 1
388 1942 474 1990 Ego
493 1952 585 1978 vero
614 1938 766 1988 Quinto
795 1940 1003 1990 epistulam
1033 1943 1084 1980 ad
1111 1955 1284 1980 sororem
1312 1942 1410 1979 misi.
1471 1942 1574 1983 Cum
1602 1940 1666 1979 ille

332 2013 558 2056 quereretur
589 2005 669 2043 filio
705 2019 796 2043 cum
829 2014 951 2045 matre
987 2008 1134 2045 bellum
1164 2015 1202 2046 et
1237 2021 1278 2046 se
1307 2008 1359 2045 ob
1390 2021 1476 2046 eam
1506 2019 1665 2045 causam

377 2121 396 2141 2
419 2110 535 2141 παντός
555 2111 683 2150 Gurlz'tt,
703 2112 738 2152 cf
761 2110 998 2152 ‘Philologus’
1017 2111 1135 2151 (1898)
1150 2115 1205 2151 pp.
1219 2112 1390 2151 398-403:
1415 2110 1479 2150 περὶ
1497 2109 1666 2141 Παλλάδος

335 2153 510 2185 Orellicoll.
526 2155 564 2185 cle
573 2156 650 2186 Nat.
668 2156 764 2187 Deor.
785 2156 803 2187 i.
819 2166 874 2195 41:
894 2155 1136 2194 Ἀπολλοδώρου
1147 2155 1262 2185 Ηίνεεί
1349 2164 1368 2193 5
1395 2155 1512 2186 Itane?
1534 2154 1665 2184 nuntiat

334 2196 478 2229 Mz'iller:
505 2198 599 2229 Itane
620 2200 754 2230 nuntiat
772 2200 859 2239 vulg.
975 2201 996 2229 6
1019 2204 1142 2232 autem.
1167 2203 1204 2229 ut
1228 2198 1364 2229 stultum
1389 2202 1460 2229 est!
1491 2197 1665 2228 Tuus-tall:

334 2248 456 2281 autem,
474 2247 509 2272 ut
531 2243 682 2273 ‘sutilum
704 2249 755 2274 est
767 2243 774 2256 ’
788 2242 939 2273 Schmidt
954 2254 960 2273 z
985 2245 1118 2273 autem?
1140 2242 1189 2272 Tu
1207 2242 1357 2272 ‘sutilum
1375 2241 1444 2272 est'
1462 2241 1604 2280 Tvrrell:
1629 2244 1665 2270 ut

334 2285 460 2316 iussum
473 2292 524 2317 est
537 2286 593 2325 (sc.
601 2287 698 2327 facit)
718 2286 839 2317 Gurlz'tl
937 2288 957 2316 8
982 2286 1104 2316 faciant
1122 2286 1217 2317 Man.
1325 2296 1364 2316 10
1386 2285 1432 2315 At
1454 2284 1642 2323 Wesenbeaeg
1657 2293 1662 2313 :

333 2333 385 2359 ast
403 2329 457 2358 Μ’2
475 2341 482 2360 :
507 2341 525 2360 a
544 2335 596 2359 est
616 2330 666 2359 M¹
816 2340 854 2360 12
879 2331 1098 2369 degustasses
1112 2329 1306 2359 Gronovius:
1332 2339 1425 2359 -asse
1441 2327 1528 2359 codd.
1626 2328 1665 2357 16

332 2373 531 2403 Acronoma
543 2367 602 2402 Zl:
632 2373 828 2404 Acrunoma
854 2373 897 2404 C:
923 2383 1053 2403 summa
1076 2373 1260 2403 acrimonia
1276 2371 1447 2403 Sdznn'dl:
1474 2372 1663 2402 lacrumans

335 2415 458 2446 Gurlt'tt
669 2427 704 2456 17
731 2415 934 2454 κεκέπφωμαι
961 2416 1103 2447 Rosius:
1138 2419 1336 2447 ΚΕΦΦΩΜΑ
1364 2415 1425 2446 M:
1457 2413 1611 2455 κέπφωμα
1641 2413 1668 2444 C

332 2469 374 2500 24
399 2463 474 2490 ante
490 2464 523 2490 et
539 2469 576 2490 se
594 2459 669 2490 add.
690 2470 767 2490 esse
789 2459 978 2500 W'esenberg
