1827 2798
100 962 138 984 10

99 1282 133 1313 15

97 1608 137 1629 20

570 163 681 200 EPP.
714 163 791 200 AD
820 161 1078 200 ATTICVM
1465 161 1511 197 X.
1534 159 1609 196 viii

161 277 312 309 teresse.
385 271 444 308 Eo
475 270 590 308 velim
623 279 701 309 tam
736 271 836 309 facili
876 270 930 308 uti
970 284 1084 320 posse
1122 278 1159 308 et
1193 277 1271 307 tam
1307 270 1414 308 bono
1448 269 1486 306 in

161 349 223 373 me
262 344 379 385 quam
420 334 602 373 Curione.
664 337 702 373 Is
736 337 786 373 ad
822 334 1020 373 Misenum
1058 347 1095 372 Vl
1133 336 1268 372 Nonas
1305 342 1486 372 venturus

159 400 372 446 dicebatur,
396 399 435 437 id
456 408 513 438 est
535 399 663 438 hodie.
723 401 801 438 Sed
825 399 1022 450 praemisit
1051 399 1144 437 mihi
1165 399 1321 438 odiosas
1342 398 1486 437 litteras

159 465 234 502 hoc
255 465 434 514 exemplo
451 479 458 502 :

799 558 847 596 A.

479 641 548 674 Ser.
568 643 647 673 circa
656 643 763 682 finem
782 654 824 673 m.
845 643 928 684 Apr.
947 654 977 675 α.
998 654 1051 682 705
1071 643 1159 684 (49)-

237 731 553 769 ‘ANTONIVS
583 732 728 769 TRIB.
763 733 838 769 PL.
872 732 982 770 PRO
1015 734 1094 770 PR.
1128 733 1404 772 CICERONI

698 797 812 834 IMP.
844 798 955 835 SAL.

211 882 295 921 Nisi
330 891 367 921 te
401 884 513 921 valde
547 896 718 921 amarem
752 891 790 921 et
824 885 948 922 multo
980 883 1139 933 quidem
1173 886 1259 934 plus
1291 898 1407 933 quam
1444 893 1483 922 tu
1504 896 1522 923 1

158 955 282 997 putas,
315 961 396 985 non
430 947 695 985 extimuissem
729 961 925 985 rumorem
957 948 1022 997 qui
1055 949 1104 986 de
1139 957 1176 987 te
1209 950 1381 998 prolatus
1416 958 1483 995 est,

157 1025 247 1049 cum
286 1012 511 1061 praesertim
551 1013 690 1050 falsum
730 1025 814 1050 esse
853 1012 1124 1050 existimarem.
1203 1014 1280 1051 Sed
1319 1013 1410 1062 quia
1449 1022 1486 1051 te

156 1076 278 1115 nimio
300 1078 386 1127 plus
407 1076 537 1125 diligo,
560 1089 640 1114 non
661 1089 821 1126 possum
843 1076 1087 1115 dissimulare
1113 1076 1207 1114 mihi
1227 1078 1371 1115 famam
1393 1091 1487 1126 quo-

156 1155 243 1190 que,
275 1140 452 1190 quamvis
482 1140 530 1177 sit
559 1141 663 1185 falsa,
697 1140 826 1189 magni
856 1154 951 1178 esse.
1017 1143 1067 1178 Te
1099 1142 1245 1178 iturum
1276 1154 1348 1178 esse
1382 1149 1485 1179 trans

156 1219 261 1243 mare
290 1206 447 1243 credere
477 1218 556 1242 non
587 1217 759 1254 possum,
785 1218 875 1242 cum
903 1204 1000 1242 tanti
1029 1204 1146 1243 facias
1176 1206 1423 1243 Dolabellam
1453 1211 1489 1242 et

155 1270 326 1308 Tulliam
356 1277 473 1316 tuam,
507 1269 692 1307 feminam
723 1268 984 1316 lectissimam,
1017 1270 1193 1319 tantique
1222 1270 1272 1307 ab
1302 1270 1486 1308 omnibus

154 1335 270 1373 nobis
303 1335 398 1381 fias,
439 1334 582 1384 quibus
613 1348 675 1372 me
705 1335 861 1371 hercule
891 1333 1058 1383 dignitas
1087 1334 1386 1384 amplitudoque
1421 1342 1486 1372 tua

154 1413 279 1449 paene
300 1399 423 1437 carior
451 1407 508 1437 est
529 1412 647 1448 quam
674 1398 745 1436 tibi
775 1397 857 1447 ipsi.
918 1399 995 1436 Sed
1020 1406 1151 1436 tamen
1178 1412 1258 1436 non
1284 1412 1369 1436 sum
1390 1399 1486 1436 arbi-

155 1472 274 1502 tratus
309 1478 394 1502 esse
427 1464 543 1502 amici
574 1477 655 1501 non
686 1463 925 1501 commoveri
959 1463 1076 1501 etiam
1110 1463 1378 1513 improborum
1415 1477 1487 1501 ser-

155 1543 273 1567 mone
305 1537 424 1578 atque
459 1542 507 1567 eo
546 1529 619 1567 feci
658 1528 869 1566 studiosius
904 1530 1011 1577 quod
1050 1528 1273 1566 iudicabam
1312 1527 1487 1566 duriores

155 1594 272 1644 partis
294 1593 389 1631 mihi
417 1593 619 1644 impositas
647 1607 732 1632 esse
761 1594 810 1631 ab
838 1593 1054 1631 offensione
1079 1601 1219 1640 nostra,
1244 1607 1344 1643 quae
1365 1593 1486 1642 magis

154 1672 177 1696 a
200 1659 402 1708 ζηλοτυπίᾳ
433 1672 520 1696 mea
550 1672 667 1708 quam
697 1659 748 1696 ab
779 1657 917 1695 iniuria
946 1666 1012 1695 tua
1041 1665 1131 1695 nata
1160 1665 1228 1695 est.
1288 1657 1351 1695 Sic
1380 1657 1485 1695 enim

154 1725 244 1761 volo
278 1730 316 1761 te
347 1723 416 1761 tibi
448 1724 692 1772 persuadere,
727 1722 822 1760 mihi
861 1722 1058 1760 neminem
1099 1735 1184 1760 esse
1222 1721 1409 1759 cariorem
1449 1729 1486 1759 te

155 1795 319 1837 excepto
346 1789 513 1826 Caesare
543 1801 642 1834 meo,
672 1800 814 1836 meque
844 1786 940 1825 illud
970 1800 1048 1824 una
1077 1786 1249 1824 iudicare
1276 1788 1482 1825 Caesarem

157 1852 324 1890 maxime
344 1852 384 1889 in
405 1852 484 1890 suis
506 1853 560 1889 M.
581 1851 813 1891 Ciceronem
835 1864 1033 1901 reponere.
1085 1852 1176 1899 Qua
1195 1864 1244 1896 re,
1264 1850 1316 1888 mi
1332 1851 1482 1897 Cicero,
1503 1865 1527 1892 2

99 1933 135 1952 2-
158 1925 195 1955 te
224 1930 318 1966 rogo
347 1924 389 1954 ut
419 1916 489 1954 tibi
518 1916 651 1954 onmia
680 1915 828 1965 integra
856 1929 997 1962 serves,
1026 1915 1109 1953 eius
1139 1916 1257 1953 fidem
1288 1914 1485 1964 improbes

157 1981 223 2031 qui
248 1981 319 2019 tibi
346 1989 387 2018 ut
416 1981 651 2019 beneficium
678 1982 787 2018 daret
816 1980 921 2029 prius
952 1980 1130 2017 iniuriam
1158 1980 1259 2025 fecit,
1282 1988 1415 2017 contra
1437 1993 1486 2017 ne

156 2046 350 2095 profugias
371 2045 437 2094 qui
459 2053 507 2092 te,
530 2045 601 2083 etsi
622 2058 701 2082 non
722 2045 880 2091 amabit,
904 2046 1011 2093 quod
1038 2044 1216 2082 accidere
1243 2057 1322 2081 non
1344 2052 1484 2094 potest,

156 2118 288 2148 tamen
309 2111 457 2147 salvum
478 2108 843 2158 amplissimumque
865 2122 949 2146 esse
970 2108 1111 2157 cupiet.

204 2222 214 2241 1
242 2222 342 2251 posse
363 2212 568 2251 Lahmeyer:
593 2222 725 2250 possem
753 2210 896 2242 ORMs:
924 2211 1048 2250 possim
1068 2211 1236 2241 PMz'illcr
1350 2223 1387 2243 10
1411 2223 1486 2251 per-

158 2256 244 2286 latus
260 2256 340 2286 coni.
360 2256 462 2285 Orelli
578 2265 616 2293 13
641 2255 723 2285 falsa
742 2255 915 2285 M20RP:
943 2255 1059 2285 falsam
1078 2265 1226 2293 agnosco
1246 2255 1308 2285 (vel
1321 2257 1486 2294 agnosce)

158 2298 210 2328 Ml
232 2300 393 2338 (agnosco
406 2298 539 2338 jmnrlt's
555 2300 722 2338 notatum)
738 2310 744 2329 ε
770 2299 863 2333 falsa,
883 2298 999 2328 falsam
1018 2308 1206 2337 agnoscere
1224 2294 1270 2327 Zb
1375 2300 1485 2337 magni

158 2342 251 2373 M²sz
284 2353 404 2379 magno
424 2341 595 2372 M'ORP:
622 2342 655 2371 in
674 2342 785 2372 animo
804 2341 844 2370 M
860 2342 998 2381 (marg.)
1111 2342 1159 2371 Te
1177 2343 1297 2372 iturum
1318 2353 1392 2373 esse
1410 2343 1486 2373 add.

158 2386 294 2416 Baiter:
311 2386 359 2415 Te
378 2387 499 2415 iturum
517 2385 593 2416 add.
611 2385 632 2414 I
644 2385 841 2416 Ascensius:
860 2385 909 2414 Te
928 2385 1143 2414 transiturum
1164 2386 1190 2414 L
1210 2396 1351 2425 μυίης.)
1451 2397 1486 2423 14

159 2434 191 2458 et
217 2428 293 2460 add.
312 2432 382 2459 vett.
595 2439 637 2466 23
661 2439 736 2458 meo
754 2439 872 2468 meque
891 2428 970 2458 illud
989 2438 1055 2457 una
1072 2428 1220 2458 iudicare
1240 2428 1277 2459 C:
1313 2440 1376 2460 0111.
1397 2429 1484 2460 codd,

159 2471 340 2503 Caesarem
358 2471 516 2502 RPM²sz
542 2481 607 2503 om.
628 2471 716 2502 ΟΜι
849 2473 891 2502 26
910 2475 1038 2512 postne
1056 2471 1131 2501 add.
1148 2472 1189 2502 ab
1206 2482 1247 2502 eo
1265 2472 1383 2503 Lame).
