1827 2798
168 159 289 198 XIII.
313 157 392 195 xlii
682 155 738 191 M.
770 151 939 189 TVLLI
972 148 1280 188 CICERONIS

320 270 405 307 me'
435 266 561 316 inquit
595 265 668 302 ‘de
698 271 885 312 ternpore,
910 259 1099 311 quoniam
1126 273 1207 297 rem
1238 258 1388 308 probo.'
1448 259 1522 295 ‘At
1552 257 1648 306 ego'

321 334 482 382 inquam
517 334 683 367 ‘censeo
717 327 822 377 prius
853 340 972 376 quam
1004 323 1273 375 proficiscaris.
1333 324 1394 360 Ita
1428 321 1526 372 patri
1557 334 1651 370 quo-

278 412 303 438 2
323 411 399 447 que
430 408 579 433 morem
609 392 795 444 gesseris.'
856 390 1059 429 ‘Faciam'
1089 388 1216 438 inquit
1253 392 1316 426 ‘ut
1351 388 1511 425 censes.'
1570 385 1650 423 Hic

323 461 501 510 dialogus
522 459 577 498 sic
598 459 807 497 conclusus
829 464 897 495 est.

281 533 305 569 3
379 527 457 564 Sed
478 526 575 562 heus
605 531 659 570 tu,
682 522 788 560 diem
810 534 942 559 meum
974 519 1048 557 scis
1078 532 1163 557 esse
1191 531 1235 556 111
1259 519 1396 556 Nonas
1426 515 1653 563 Ianuarias;
1675 533 1691 563 5

323 590 450 629 aderis
480 590 605 640 igitur.
665 587 903 637 Scripseram
934 585 1036 623 iam:
1071 597 1163 622 ecce
1193 582 1263 621 tibi
1293 590 1376 621 orat
1407 581 1581 631 Lepidus
1612 587 1653 618 ut

323 655 489 693 veniam.
549 653 702 703 Opinor
730 664 895 701 augures
925 651 1024 689 velle
1059 649 1204 687 habere
1237 649 1288 686 ad
1317 648 1509 696 templum
1539 646 1654 684 effan-

323 722 432 762 dum.
492 722 614 758 Eatur
629 733 638 766 3
666 719 718 769 μὴ
738 717 908 767 σκόρδου.
968 713 1205 753 Videbimus
1226 721 1264 751 te
1284 712 1408 762 igitur.

368 826 522 862 XLIII
569 828 638 860 Ser.
658 829 690 858 z'lz
714 827 899 858 Tusculano
910 824 997 867 prid.
1013 823 1062 853 Id.
1082 822 1193 864 Quint.
1213 833 1244 854 a.
1267 831 1325 861 709
1344 821 1424 862 (45).

740 903 911 936 CICERO
934 899 1116 932 ATTICO
1138 898 1242 930 SAL.
1679 909 1719 931 10

382 981 468 1029 Ego
506 992 598 1017 vero
637 985 721 1015 utar
759 975 1035 1027 prorogatione
1079 972 1168 1019 diei,
1210 979 1331 1020 tuque
1375 968 1657 1007 humanissime

326 1044 451 1083 fecisti
484 1043 551 1093 qui
585 1056 648 1080 me
683 1041 887 1080 certiorem
919 1039 1056 1078 feceris
1090 1046 1208 1087 atque
1243 1035 1296 1073 ita
1330 1043 1371 1072 ut
1403 1047 1450 1072 eo
1482 1042 1658 1083 tempore

328 1109 546 1158 acciperem
577 1107 722 1145 litteras
753 1120 833 1155 quo
854 1119 934 1144 non
962 1111 1228 1153 exspectarem
1259 1108 1381 1149 tuque
1411 1106 1452 1136 ut
1479 1098 1530 1136 ab
1557 1097 1658 1135 ludis

329 1174 529 1212 scriberes,
590 1174 688 1210 Sunt
710 1170 873 1208 omnino
902 1168 998 1208 mihi
1019 1168 1214 1219 quaedam
1236 1165 1390 1215 agenda
1411 1164 1565 1201 Romae
1589 1162 1659 1200 sed

328 1248 618 1286 consequemur
639 1233 761 1272 biduo
782 1240 881 1283 post.
1684 1245 1720 1277 15

372 1380 520 1416 XLIV
564 1383 634 1415 Ser.
655 1384 689 1414 in
712 1383 897 1414 Tusculano
912 1383 977 1414 xt'z'z'
991 1386 1050 1413 aut
1064 1383 1114 1413 xii
1129 1382 1172 1412 K.
1192 1381 1280 1412 Sext.
1298 1392 1328 1412 (ι.
1348 1391 1407 1420 709
1428 1380 1506 1421 (45).

739 1470 910 1501 CICERO
934 1471 965 1500 Α
976 1470 1115 1501 TTICO
1140 1470 1248 1502 SAL.

295 1574 312 1602 1
386 1563 422 1602 O
444 1562 571 1601 suavis
588 1569 673 1600 tuas
690 1561 835 1599 litteras
853 1564 859 1599 1
891 1561 980 1612 (etsi
1000 1563 1142 1601 acerba
1162 1577 1318 1613 pompa.
1360 1565 1507 1601 Verum
1530 1570 1661 1600 tamen

332 1628 430 1667 scire
454 1628 588 1666 omnia
617 1640 699 1664 non
719 1627 905 1664 acerbum
936 1635 1005 1674 est,
1028 1630 1089 1666 vel
1120 1629 1170 1666 de
1193 1628 1327 1679 Cotta)
1357 1630 1549 1678 populum
1570 1640 1662 1664 vero

331 1695 572 1744 praeclarum
594 1694 702 1742 quod
732 1700 891 1742 propter
912 1695 1058 1730 malum
1080 1694 1252 1732 vicinum
1284 1708 1332 1732 ne
1353 1693 1551 1731 Victoriae
1581 1692 1662 1741 qui·
1686 1704 1724 1725 20

332 1760 424 1797 dem
455 1757 650 1808 ploditur!
710 1759 853 1795 Brutus
882 1760 989 1808 apud
1021 1772 1083 1797 me
1113 1759 1209 1806 fuit;
1239 1759 1333 1808 quoi
1360 1758 1522 1808 quidem
1548 1757 1663 1794 valde

333 1823 513 1872 placebat
536 1836 598 1860 me
619 1821 767 1871 aliquid
788 1823 839 1860 ad
861 1824 1082 1862 Caesarem.
1142 1825 1371 1861 Adnueram
1388 1838 1397 1870 3
1427 1823 1496 1860 sed
1517 1834 1664 1871 pompa

291 1898 317 1926 2
335 1889 513 1926 deterret.
572 1889 635 1924 Tu
657 1894 788 1925 tamen
809 1902 927 1925 ausus
949 1902 989 1925 es
1011 1887 1176 1925 Varroni
1198 1889 1289 1926 dare
1307 1890 1313 1925 l
1351 1889 1546 1936 Exspecto
1568 1885 1664 1935 quid

334 1953 491 1991 iudicet.
552 1954 725 2001 Quando
745 1961 877 1991 autem
903 1954 1100 2002 pelleget?
1157 1954 1219 1991 De
1240 1952 1370 1990 Attica
1397 1952 1533 2002 probo.
1594 1953 1664 1988 Est

379 2066 396 2094 7
421 2056 507 2086 velle
533 2056 669 2094 Tyrrell:
706 2056 751 2085 nil
769 2055 881 2086 codd:
913 2055 983 2086 vult
1009 2055 1085 2087 coni.
1115 2056 1222 2087 Boot:
1253 2056 1362 2086 nullos
1381 2056 1458 2086 com'.
1480 2054 1668 2095 [Vesrnberg

334 2100 503 2129 effandum
523 2099 726 2130 Beroaldus:
751 2100 929 2130 afflandum
948 2098 989 2128 M
1100 2101 1120 2130 8
1146 2099 1187 2138 μὴ
1204 2099 1337 2140 σκόρὸου
1351 2101 1404 2137 (sc.
1418 2099 1524 2139 φάγω)
1546 2099 1668 2138 Tyrrell

334 2143 401 2174 coll.
423 2142 578 2182 Gaissord
593 2143 762 2174 “Paroctm
781 2143 888 2174 Graec.
904 2143 957 2183 ’μ
980 2154 1038 2181 144
1057 2154 1088 2174 n.
1110 2153 1174 2181 270
1190 2142 1240 2173 ἵνα
1257 2143 1299 2181 μὴ
1316 2142 1422 2183 φάγῃς
1439 2141 1570 2182 σκόροδα
1588 2142 1665 2180 μηδὲ

334 2186 480 2225 κυάμους·
507 2186 555 2217 ἐπὶ
578 2187 641 2216 τῶν
658 2187 765 2225 ἡσυχῆ
792 2185 938 2224 §obv-rw:
962 2187 1307 2218 MIACKOPAOTM:
1334 2187 1406 2224 μυῖα
1417 2186 1550 2226 σκόρδου
1560 2185 1666 2216 Ellis:

334 2230 388 2267 μία
413 2229 566 2268 σκωρύδου
592 2230 696 2269 (qnod
716 2231 945 2270 sntezfirctasur
973 2232 980 2245 ‘
995 2241 1063 2260 una
1085 2235 1167 2270 pars
1191 2230 1298 2263 allsi‘i
1325 2230 1374 2260 vrl
1396 2229 1485 2268 ὁρμιὰ
1513 2229 1667 2267 σκορόδου

340 2273 508 2303 Turnebus
523 2285 529 2303 :
555 2272 675 2311 μίασμα
693 2274 780 2312 δρυός
800 2274 983 2304 Gronovius
1119 2283 1155 2312 15
1180 2279 1257 2313 post
1275 2274 1333 2306 M:
1360 2284 1463 2312 posco
1480 2273 1579 2303 ORP
1593 2273 1627 2309 (i.
1642 2283 1665 2302 e.

335 2321 413 2355 post
434 2318 476 2353 O,
500 2327 583 2355 quae
611 2318 777 2347 inlem‘cctt'o
799 2317 845 2347 ad
862 2320 1045 2356 sequentem
1066 2322 1110 2357 ej).
1134 2318 1279 2358 pertinet,
1300 2317 1336 2356 cf
1361 2317 1536 2347 Lehmann
1559 2315 1665 2347 ‘AM'

333 2365 363 2399 j).
383 2361 457 2397 138)
582 2371 620 2398 19
645 2361 744 2390 Cotta
763 2360 807 2391 C:
832 2366 927 2391 cocta
945 2360 1027 2391 PR:
1055 2365 1125 2390 tota
1143 2360 1184 2390 M
1311 2371 1352 2399 23
1377 2361 1524 2391 deterret
1543 2359 1587 2390 C:
1614 2370 1666 2389 me

337 2403 573 2476 dOaeerreltcom'.
589 2403 708 2434 On’llz':
726 2404 929 2434 videretM:
946 2404 1043 2434 vides
1055 2403 1140 2433 Reid
1155 2411 1245 2444 tcum
1257 2404 1428 2444 pompam)
1496 2413 1536 2442 24
1562 2404 1666 2443 probe

395 2457 413 2476 o
430 2457 462 2476 co
490 2470 496 2478 .
516 2456 545 2477 v.
565 2456 595 2485 4.
617 2457 636 2476 2
