1827 2798
94 868 134 890 10

95 1193 131 1223 15

95 1517 133 1538 20

561 158 672 195 EPP.
704 159 782 195 AD
812 156 1073 196 ATTICVM
1365 158 1476 195 XIV.
1495 157 1587 194 xxii

151 268 255 307 enim
289 268 432 319 plane),
467 269 606 307 timent
639 268 788 317 otium3
830 269 1007 308 ὗπόθεο-ιν
1037 277 1168 307 autem
1201 269 1302 306 hanc
1332 269 1479 306 habent

151 347 318 383 eamque
359 348 450 384 prae
495 348 535 372 se
579 336 716 381 ferunt,
757 334 1013 372 clarissimum
1053 336 1179 372 virum
1219 334 1476 380 interfectum,

152 407 275 436 totam
302 412 382 437 rem
411 399 609 449 publicam
637 399 739 437 illius
768 399 925 437 interitu
955 400 1231 449 perturbatam,
1258 398 1371 436 inrita
1397 400 1480 436 fore

151 477 253 513 quae
277 464 340 501 ille
364 464 504 513 egisset
536 464 650 502 simul
677 479 722 502 ac
752 464 1028 503 desisteremus
1053 464 1199 511 timere,
1229 464 1477 502 clementiam

152 528 206 566 illi
235 530 339 566 malo
369 528 497 576 fuisse,
521 543 598 578 qua
623 529 654 566 si
679 543 771 567 usus
792 543 873 566 non
898 537 1009 575 esset,
1032 528 1129 566 nihil
1150 529 1185 567 ei
1206 530 1281 566 tale
1301 528 1479 567 accidere

151 593 336 643 potuisse.
398 593 498 630 Mihi
527 602 658 631 autem
679 594 786 631 venit
813 594 852 631 in
882 602 1067 640 mentem,
1090 593 1121 631 si
1150 593 1361 642 Pompeius
1388 607 1477 631 cum
1498 603 1522 630 2

151 658 320 696 exercitu
350 659 462 696 firmo
489 658 628 704 veniat,
659 660 766 708 quod
793 667 851 697 est
881 661 1046 710 εὔλογον,
1075 666 1178 696 certe
1208 660 1289 696 fore
1318 659 1477 696 bellum.

153 725 266 761 Haec
287 736 350 760 me
375 722 525 772 species
554 722 818 772 cogitatioque
844 724 1053 773 perturbat.
1114 724 1255 773 Neque
1275 723 1379 761 enim
1402 723 1479 761 iam

153 790 261 838 quod
281 788 351 826 tibi
373 796 455 825 tum
478 787 586 825 licuit
606 788 721 826 nobis
742 802 847 826 nunc
868 788 1011 827 licebit.
1072 789 1176 826 Nam
1196 796 1328 838 aperte
1348 787 1479 826 laetati

153 867 298 891 sumus.
361 852 517 890 Deinde
538 853 685 890 habent
712 852 751 890 in
781 867 847 891 ore
877 867 948 891 nos
976 853 1156 904 ingratos.
1217 854 1338 891 Nullo
1358 854 1481 891 modo

152 917 284 956 licebit
305 918 413 967 quod
435 925 517 955 tum
543 925 580 955 et
600 917 671 955 tibi
692 917 800 955 licuit
826 925 864 955 et
890 918 1032 955 multis.
1101 920 1482 967 Φαινοπροσωπητέον

152 997 243 1033 ergo
274 991 311 1021 et
344 985 436 1020 ἰτέον
464 983 504 1020 in
534 984 687 1020 castra?
744 982 903 1020 Miliens
938 982 1035 1020 mori
1069 983 1219 1029 melius,
1252 983 1343 1020 huic
1376 996 1483 1033 prae-

152 1048 283 1086 sertim
317 1048 444 1086 aetati.
519 1049 657 1096 Itaque
691 1060 754 1085 me
788 1048 883 1084 Idus
919 1047 1084 1085 Martiae
1118 1061 1199 1084 non
1230 1054 1310 1084 tam
1344 1061 1482 1086 conso-

152 1114 280 1150 lantur
313 1126 431 1162 quam
465 1119 590 1150 antea.
664 1113 857 1161 Magnum
896 1111 1001 1149 enim
1040 1113 1229 1149 mendum
1262 1111 1478 1150 continent.

154 1178 236 1216 Etsi
259 1178 312 1215 illi
333 1178 491 1215 iuvenes

363 1244 496 1282 ἄλλοις
525 1245 563 1280 ἐν
592 1242 743 1281 ἐσθλοῖς
771 1240 866 1280 τόνδ’
894 1242 1125 1280 ἀπωθοῦνται
1153 1244 1280 1294 ψόγον.

153 1308 231 1346 Sed
261 1307 291 1345 si
321 1314 362 1344 tu
392 1307 531 1345 melius
560 1306 764 1356 quidpiam
795 1320 935 1356 speras,
960 1308 1067 1356 quod
1097 1315 1135 1345 et
1164 1309 1274 1357 plura
1302 1307 1414 1346 audis
1444 1315 1482 1346 et

153 1371 294 1410 interes
333 1371 515 1418 consiliis,
558 1371 702 1409 scribas
747 1372 797 1409 ad
844 1385 906 1409 me
944 1371 1059 1409 velim
1099 1372 1294 1421 simulque
1336 1372 1482 1422 cogites

153 1436 249 1486 quid
276 1437 472 1486 agendum
500 1436 615 1474 nobis
645 1436 693 1473 sit
720 1449 835 1486 super
864 1436 1057 1486 legatione
1084 1436 1223 1474 votiva.
1284 1437 1481 1486 Equidem

154 1501 193 1539 in
223 1501 282 1539 his
311 1501 408 1539 locis
437 1514 601 1538 moneor
629 1514 652 1537 a
681 1500 812 1538 multis
843 1514 893 1538 ne
922 1500 961 1538 in
987 1509 1123 1539 senatu
1155 1501 1356 1539 Kalendis.
1416 1501 1484 1539 Di-

155 1574 296 1604 cuntur
334 1566 439 1604 enim
478 1567 631 1604 occulte
670 1565 811 1603 milites
845 1567 896 1603 ad
931 1579 1017 1603 eam
1052 1566 1157 1604 diem
1196 1566 1411 1616 comparari
1444 1573 1482 1605 et

157 1631 316 1681 quidem
348 1631 387 1668 in
417 1630 512 1668 istos
542 1630 609 1680 qui
639 1630 735 1668 mihi
764 1630 947 1669 videntur
980 1630 1106 1669 ubivis
1141 1630 1260 1669 tutius
1289 1644 1408 1681 quam
1442 1630 1482 1669 in

157 1703 294 1734 senatu
315 1697 407 1734 fore.

203 1809 222 1828 2
247 1800 351 1829 virum
375 1799 450 1830 add.
477 1799 593 1830 Orelli:
619 1804 694 1829 ante
706 1799 927 1830 clarissimum
946 1799 1019 1830 add.
1038 1799 1137 1830 Rom.
1153 1798 1175 1828 I
1353 1810 1372 1838 4
1398 1801 1484 1830 desi-

159 1848 326 1873 steremus
350 1843 518 1873 Faernus:
545 1843 803 1873 desistemusM
932 1845 953 1872 6
977 1842 1141 1882 potuisset
1158 1842 1212 1873 M2
1348 1852 1386 1883 15
1412 1843 1485 1874 Etsi

159 1886 205 1916 illi
223 1884 299 1917 M²z
325 1891 358 1917 et
376 1885 461 1918 Sulli
487 1885 540 1917 M1
558 1899 564 1918 :
588 1887 653 1918 nisi
672 1887 718 1918 illi
739 1886 772 1919 C.
793 1887 830 1919 F.
852 1886 1028 1918 Hermann
