1827 2798
91 861 130 883 10

88 1508 127 1529 20

556 157 668 194 EPP.
700 158 776 194 AD
806 155 1065 195 ATTICVM
1442 157 1489 192 X.
1509 156 1584 191 viii

151 267 347 306 scribendi
381 266 462 305 fieri
494 274 648 317 tempus
681 282 774 306 esse.
835 269 912 306 Sed
947 282 1036 306 cum
1068 268 1118 306 ad
1155 281 1216 305 me
1247 280 1362 316 saepe
1393 279 1478 304 mea

150 333 279 371 Tullia
309 332 451 370 scribat
471 345 585 370 orans
610 341 651 370 ut
673 333 767 382 quid
794 332 834 370 in
856 332 1051 382 Hispania
1077 341 1230 382 geratur
1256 339 1477 381 exspectem

150 405 188 436 et
217 411 371 447 semper
398 396 594 435 adscribat
624 396 730 435 idem
758 397 880 435 videri
909 397 980 434 tibi
1013 397 1133 446 idque
1163 396 1246 446 ipse
1280 396 1397 434 etiam
1432 409 1478 433 ex

149 461 224 499 tuis
256 461 390 499 litteris
420 461 686 507 intellexerim,
718 475 798 499 non
824 469 920 511 puto
950 475 1035 499 esse
1063 461 1236 499 alienum
1267 475 1329 499 me
1359 462 1410 498 ad
1439 468 1476 498 te

149 525 244 575 quid
266 527 315 564 de
336 539 381 564 ea
400 539 440 564 re
461 525 625 564 sentiam
647 526 824 564 scribere.

203 589 422 628 Consilium
452 590 556 628 istud
587 598 679 628 tunc
709 598 809 628 esset
839 592 1021 640 prudenS,
1051 598 1093 628 ut
1123 589 1218 628 mihi
1248 590 1410 636 videtur,
1443 589 1473 627 si

149 662 299 692 nostras
338 654 506 692 rationes
544 656 594 693 ad
628 654 935 704 Hispaniensem
969 668 1104 692 casum
1138 654 1473 693 accommodaturi

149 731 348 766 essemus3
387 720 494 768 quod
525 719 605 756 fieri
636 749 644 757 .
677 749 684 757 .
717 749 725 757 .
757 721 931 757 Necesse
962 727 1020 757 est
1051 719 1157 757 enim
1191 727 1268 765 aut,
1298 719 1337 756 id
1367 720 1474 768 quod

150 782 316 820 maxime
337 783 467 831 velim,
487 783 577 833 pelli
605 783 721 821 istum
751 784 801 822 ab
823 783 1017 833 Hispania
1043 792 1109 821 aut
1136 783 1234 821 trahi
1262 783 1301 822 id
1329 784 1474 821 bellum

148 855 214 884 aut
248 847 376 894 istum,
410 856 452 885 ut
491 849 689 886 confidere
722 848 884 894 videtur,
917 850 1212 898 apprehendere
1247 849 1471 898 Hispanias.

148 912 186 949 Si
216 914 392 961 pelletur,
424 926 541 962 quarn
576 921 704 961 gratus
735 921 802 950 aut
835 926 953 962 quam
988 914 1176 951 honestus
1208 921 1291 950 tum
1326 914 1394 951 erit
1423 914 1474 951 ad

152 977 382 1026 Pompeium
407 985 539 1015 noster
564 979 767 1023 adventus,
799 991 889 1014 cum
917 977 1045 1026 ipsum
1068 978 1281 1016 Curionem
1309 979 1358 1015 ad
1383 991 1472 1015 eum

148 1041 397 1079 transiturum
428 1043 592 1090 putem?
649 1041 716 1078 Sin
746 1041 908 1078 trahitur
937 1042 1095 1088 bellum,
1125 1041 1221 1090 quid
1251 1050 1473 1091 exspectem

146 1113 212 1143 aut
242 1120 359 1155 quam
389 1106 490 1144 diu?
547 1105 798 1154 Relinquitur
831 1113 883 1151 ut,
915 1105 946 1142 si
976 1105 1167 1143 vincimur
1196 1105 1235 1143 in
1269 1105 1472 1155 Hispania,

113 1185 124 1192 ·
147 1171 404 1220 quiescamus.
466 1171 514 1208 Id
549 1183 621 1219 ego
656 1178 792 1207 contra
829 1178 936 1219 puto.
997 1171 1121 1207 Istum
1153 1170 1257 1208 enim
1288 1170 1473 1208 victorem

147 1236 267 1286 magis
289 1236 590 1285 relinquendum
609 1242 705 1284 puto
726 1248 844 1284 quam
859 1234 1005 1272 victum
1026 1243 1064 1272 et
1085 1235 1331 1273 dubitantem
1354 1235 1476 1284 magis

145 1315 263 1350 quam
295 1302 483 1339 fidentem
513 1300 593 1338 suis
627 1300 753 1338 rebus.
813 1301 916 1337 Nam
947 1301 1110 1338 caedem
1139 1299 1255 1338 video
1286 1299 1316 1337 si
1343 1299 1475 1338 vicerit

146 1374 183 1404 et
211 1366 401 1417 impetum
430 1366 469 1404 in
495 1365 731 1415 privatorum
763 1364 950 1415 pecunias
977 1373 1014 1402 et
1041 1366 1217 1402 exsulum
1245 1365 1412 1402 reditum
1437 1372 1476 1403 et

147 1432 298 1470 tabulas
332 1445 454 1470 novas
489 1439 527 1470 et
567 1429 879 1480 turpissimorum
920 1430 1089 1467 honores
1126 1437 1163 1467 et
1197 1442 1358 1478 regnum
1393 1442 1474 1467 non

148 1499 267 1536 modo
301 1500 485 1536 Romano
524 1496 675 1534 homini
715 1497 785 1534 sed
823 1509 872 1533 ne
912 1497 1051 1532 Persae
1090 1495 1249 1544 quidem
1289 1494 1473 1544 cuiquam

146 1563 356 1602 tolerabile.
427 1563 565 1601 Tacita
608 1576 693 1601 esse
738 1560 879 1611 poterit
926 1560 1135 1609 indignitas
1179 1561 1347 1597 nostra?
1393 1559 1516 1609 pati3

146 1636 329 1678 poterunt
357 1628 461 1667 oculi
491 1642 554 1666 me
584 1641 673 1666 cum
696 1626 866 1665 Gabinio
896 1624 1129 1663 sententiam
1159 1624 1299 1671 dicere,
1327 1632 1364 1663 et
1394 1625 1475 1674 qui-

144 1695 236 1732 dem
266 1694 376 1731 illurn
405 1693 529 1743 rogari
559 1693 697 1742 prius?
734 1699 888 1742 praesto
918 1704 1003 1729 esse
1033 1690 1215 1728 clientem
1246 1697 1355 1727 tuum
1387 1691 1475 1729 Clo-

146 1758 266 1805 dium,
309 1760 351 1798 C.
393 1758 483 1796 Atei
523 1757 777 1807 Plaguleiurn,
818 1758 1005 1794 ceteros?
1061 1756 1139 1793 Sed
1183 1768 1251 1792 cur
1295 1754 1475 1792 inimicos

109 1832 125 1864 5
146 1823 313 1873 conligo,
347 1822 414 1873 qui
447 1836 556 1861 meos
596 1821 835 1859 necessarios
869 1834 892 1858 a
926 1834 988 1858 me
1023 1821 1206 1858 defensos
1240 1832 1313 1857 nec
1345 1819 1475 1857 videre

146 1888 184 1926 in
219 1888 324 1926 curia
354 1887 438 1926 sine
472 1889 609 1925 dolore
647 1900 720 1924 nec
751 1885 891 1924 versari
931 1885 1029 1923 inter
1061 1898 1128 1922 eos
1163 1884 1246 1922 sine
1280 1885 1475 1922 dedecore

144 1955 314 2002 potero?
370 1951 478 2001 Quid
518 1952 548 1989 si
581 1965 630 1989 ne
663 1951 704 1989 id
736 1950 897 2000 quidem
938 1957 995 1988 est
1035 1951 1277 1999 exploratum
1317 1950 1398 1986 sore
1432 1956 1474 1986 ut

144 2018 239 2056 mihi
259 2018 405 2056 liceat?
462 2017 645 2055 Scribunt
665 2016 770 2054 enim
797 2017 847 2053 ad
875 2028 938 2053 me
964 2014 1080 2052 amici
1102 2014 1185 2053 eius
1207 2027 1269 2052 me
1291 2013 1343 2051 illi
1365 2015 1473 2051 nullo

144 2084 265 2120 modo
286 2082 376 2120 satis
397 2081 534 2120 fecisse
551 2082 658 2130 quod
679 2080 718 2118 in
739 2087 917 2118 senatum
939 2093 1019 2117 non
1035 2079 1219 2117 venerim.
1266 2080 1472 2116 Tamenne

86 2157 99 2168 ⁶
144 2146 370 2185 dubitemus
399 2160 448 2183 an
479 2145 514 2183 ei
544 2159 615 2183 nos
640 2145 756 2183 etiam
785 2158 875 2182 curn
902 2143 1075 2193 periculo
1103 2143 1362 2189 venditemus,
1391 2142 1473 2192 qui-

186 2251 205 2280 8
231 2250 262 2280 in
288 2250 404 2279 lacum
428 2248 503 2279 add.
533 2258 600 2278 non
628 2247 728 2277 debet
754 2246 823 2277 Pl:
861 2257 927 2276 non
955 2255 1095 2275 necesse
1122 2250 1173 2275 est
1200 2245 1320 2275 Orelli:
1354 2245 1471 2283 nequit

142 2294 232 2323 Koch
251 2306 258 2323 :
284 2303 345 2323 nec
363 2293 541 2322 honestum
559 2296 610 2321 est
628 2301 690 2321 nec
709 2295 814 2320 tutum
832 2288 1009 2319 Lehmann
1138 2299 1175 2327 13
1201 2289 1259 2319 Sin
1278 2287 1395 2318 Lamb.
1412 2299 1417 2317 :
1443 2289 1470 2317 si

145 2336 327 2367 0²RPM²s
342 2347 347 2366 :
373 2336 401 2366 si
419 2346 492 2366 cum
513 2333 611 2364 ΟῙΜι
627 2345 633 2363 z
659 2333 687 2364 si
705 2338 821 2363 contra
839 2332 992 2363 Sclmndt
1180 2333 1219 2362 16
1244 2331 1292 2373 et]
1312 2341 1374 2362 nec
1391 2331 1469 2362 coni.

144 2380 175 2410 F
174 2379 342 2419 rederking
473 2388 510 2409 21
538 2378 655 2408 Tacita
672 2376 759 2408 codd.
775 2377 861 2417 vulg.
880 2387 885 2406 ε
911 2375 1019 2406 Tanta
1036 2373 1077 2404 Zl
1094 2375 1179 2406 Boot
