1827 2798
573 152 684 189 EPP.
716 153 793 189 AD
823 152 1082 191 ATTICVM
1376 152 1462 188 XV.
1486 151 1531 187 xi

164 260 378 309 Quomque
398 260 592 311 ingressus
613 275 738 300 esseni
765 261 894 300 dicere
915 262 1011 311 quid
1032 261 1278 311 oportuisset,
1302 274 1374 299 nec
1395 274 1486 299 vero

163 325 374 374 quicquam
397 326 487 363 novi
509 327 578 364 sed
599 340 645 364 ca
666 340 766 376 quae
787 326 932 365 cotidie
956 340 1105 373 omnes,
1129 340 1202 365 nec
1224 334 1355 364 tamen
1377 325 1486 363 illum

163 390 293 427 locum
331 389 572 440 attingerem,
611 405 851 440 quemquam
886 400 1085 441 praeterea
1115 391 1334 441 oportuisse
1369 390 1483 440 tangi,

162 455 231 492 sed
253 462 431 492 senatum
454 454 592 501 vocari,
617 457 808 504 populum
835 457 1040 494 ardentem
1066 455 1197 494 studio
1218 454 1487 494 vehementius

125 535 141 564 5
164 517 323 564 incitari,
344 526 465 556 totam
487 518 631 568 suscipi
653 533 732 557 rem
751 519 961 569 publicam,
980 522 1170 558 exclamat
1191 527 1257 557 tua
1277 519 1486 565 familiaris,

166 587 174 603 ‘
193 585 283 621 Hoc
303 597 395 621 vero
416 583 615 622 neminem
637 598 825 634 umquam
847 584 978 623 audivi
996 586 1023 622 3'
1081 586 1166 634 Ego
1187 584 1359 634 repressi.
1411 584 1488 622 Sed

162 654 201 685 et
231 647 389 687 Cassius
411 647 506 685 mihi
526 648 733 686 videbatur
754 649 875 687 iturus
897 649 1059 697 <etenim
1089 649 1247 688 Servilia
1277 648 1488 698 polliceba-

163 719 223 750 tur
253 725 294 750 se
322 719 543 750 curaturam
573 720 616 750 ut
643 712 707 750 illa
738 713 920 751 frumenti
951 713 1100 751 curatio
1129 715 1179 752 de
1209 720 1366 751 senatus
1396 726 1489 751 con-

162 778 264 815 sulto
298 776 523 827 tolleretur),
558 785 595 815 et
628 786 759 816 noster
790 778 868 817 cito
900 778 1075 817 deiectus
1109 786 1167 816 est
1200 780 1251 817 de
1285 778 1351 816 illo
1383 777 1487 815 inani

106 857 144 879 10
162 854 343 880 sermone
389 843 511 881 w'velle
550 847 659 881 esser
698 842 856 881 dixerat.
935 842 1149 882 Constituit
1184 842 1297 892 igitur
1330 849 1372 880 ut
1406 842 1488 880 ludi

161 906 324 944 absente
354 920 394 945 se
426 908 561 945 fierent
596 921 667 946 suo
702 908 873 946 nornine.
934 907 1132 946 Proficisci
1161 915 1293 946 autem
1323 907 1418 944 mihi
1449 907 1488 944 in

163 972 296 1009 Asiam
318 972 524 1010 videbatur
543 973 593 1010 ab
616 972 736 1010 Antio
757 974 866 1010 velle.
927 974 989 1010 Ne
1010 974 1142 1018 multa,
1162 972 1257 1009 nihil
1279 986 1341 1010 me
1363 972 1401 1009 in
1423 972 1489 1010 illo
1509 979 1533 1016 3

163 1036 299 1075 itinere
329 1046 480 1086 praeter
508 1037 791 1076 conscientiam
823 1051 951 1075 meam
981 1037 1199 1076 delectavit.
1260 1038 1352 1075 Non
1383 1037 1488 1075 enim

162 1102 233 1140 fuit
263 1102 593 1141 committendum
622 1110 664 1139 ut
688 1102 751 1139 ille
779 1115 825 1140 ex
852 1101 965 1139 Italia
985 1101 1091 1151 prius
1116 1115 1234 1151 quarn
1258 1115 1280 1139 a
1308 1115 1371 1140 me
1401 1115 1490 1139 con-

107 1179 142 1210 15
163 1176 300 1206 ventus
322 1175 423 1205 esset
444 1166 674 1205 discederet.
728 1168 821 1204 Hoc
841 1167 1005 1216 dempto
1026 1180 1188 1204 munere
1207 1166 1350 1204 amoris
1370 1174 1489 1215 atque

162 1232 265 1270 offici
285 1232 530 1281 sequebatur,
555 1238 597 1269 ut
618 1245 773 1269 mecum
796 1231 889 1281 ipse,

350 1297 397 1335 ‘H
427 1297 521 1347 δεῦρ’
551 1298 632 1337 ὁδός
660 1315 723 1335 σοι
751 1298 788 1335 τί
814 1298 961 1336 δύναται
990 1301 1063 1343 νῦν,
1095 1298 1300 1347 θεοπρόπε,·

164 1366 324 1401 Prorsus
345 1362 580 1401 dissolutum
601 1362 749 1400 offendi
779 1361 976 1412 navigium
997 1363 1057 1400 vel
1087 1361 1217 1411 potius
1244 1361 1485 1412 dissipatum.

164 1427 272 1466 Nihil
303 1427 478 1474 consilio,
515 1427 611 1464 nihil
641 1426 800 1473 ratione,
833 1426 930 1464 nihil
960 1426 1107 1464 ordine.
1169 1428 1308 1476 Itaque
1337 1425 1409 1464 etsi
1439 1440 1488 1464 ne

106 1505 145 1527 20
163 1500 279 1530 antea
307 1492 469 1542 quidem
499 1491 686 1537 dubitavi,
710 1499 842 1529 tamen
864 1505 970 1528 nunc
991 1504 1038 1529 eo
1059 1491 1188 1528 minus
1215 1492 1368 1529 evolare
1397 1490 1488 1529 hinc

164 1557 283 1608 idque
317 1570 435 1607 quam
470 1556 651 1606 primum,
689 1556 779 1594 ‘ubi
814 1570 887 1594 nec
922 1556 1200 1606 Pelopidarum
1230 1557 1332 1594 facta
1362 1569 1489 1606 neque

163 1624 307 1661 famam
328 1622 512 1660 audiam.'

217 1689 268 1725 Et
288 1689 385 1725 heus
407 1695 448 1725 tu
466 1690 471 1725 Ξ
502 1701 551 1725 ne
573 1688 670 1725 forte
691 1686 742 1724 sis
764 1685 929 1732 nescius,
948 1686 1155 1724 Dolabella
1171 1700 1234 1724 me
1254 1686 1329 1724 sibi
1349 1686 1489 1736 legavit
1508 1698 1535 1735 4

163 1767 194 1791 a.
232 1754 268 1791 d.
307 1765 353 1790 111
394 1754 541 1790 Nonas.
622 1753 671 1791 Id
711 1752 807 1789 mihi
846 1751 927 1790 heri
966 1751 1117 1801 vesperi
1156 1752 1379 1790 nuntiatum
1418 1761 1485 1790 est.

107 1830 142 1859 25
165 1817 306 1855 Votiva
339 1831 388 1856 ne
423 1817 493 1856 tibi
528 1817 688 1867 quidem
724 1818 929 1867 placebat,
969 1817 1114 1855 etenim
1146 1825 1227 1855 erat
1259 1818 1486 1864 absurdum,

164 1896 264 1932 quae
298 1883 329 1920 si
361 1883 530 1921 stetisset
564 1897 622 1921 res
654 1883 811 1933 publica
845 1882 1050 1928 vovissem,
1080 1896 1127 1920 ea
1160 1896 1223 1921 me
1262 1896 1394 1921 eversa
1425 1883 1489 1921 illa

164 1955 254 1985 vota
282 1947 505 1985 dissolvere.
567 1949 618 1985 Et
646 1948 806 1994 habent,
830 1947 980 1997 opinor,
1008 1947 1152 1985 liberae
1181 1947 1394 1997 legationes
1424 1949 1488 1986 de-

166 2012 317 2049 finitum
353 2020 507 2062 tempus
539 2014 622 2062 lege
663 2012 763 2050 Iulia
802 2026 875 2050 nec
910 2012 1023 2050 facile
1053 2012 1146 2050 addi
1177 2020 1316 2061 potest.
1376 2014 1486 2050 Aveo

164 2090 286 2125 genus
317 2077 520 2126 legationis
552 2085 603 2123 ut,
631 2091 720 2115 cum
751 2077 855 2123 velis,
885 2077 1042 2115 introire
1074 2077 1176 2115 exire
1206 2077 1344 2124 liceat,
1379 2078 1487 2127 quod

208 2193 226 2221 5
253 2183 392 2212 incitare
410 2177 463 2211 ΖΜ
480 2194 507 2214 v.
525 2194 549 2213 c.
573 2183 600 2212 L
620 2183 760 2223 (marg.)
816 2182 939 2221 suscipi
961 2181 1081 2212 Orelli:
1106 2183 1279 2221 suscipere
1295 2182 1382 2213 codd.
1467 2185 1488 2213 6

154 2225 235 2264 fot-l.
263 2226 333 2263 Ego
352 2237 404 2256 me
422 2226 566 2264 repressi
718 2237 738 2265 9
763 2231 877 2255 noster
895 2224 946 2255 Ml
963 2238 969 2256 :
999 2231 1114 2256 noster
1132 2226 1259 2256 Brutus
1276 2222 1489 2256 Z'EORM25

170 2280 206 2299 ιο
229 2279 387 2299 sermone
407 2280 442 2299 se
462 2271 590 2300 Rornae
610 2269 696 2299 velle
721 2280 797 2299 esse
821 2270 926 2300 Boot:
950 2280 1107 2299 sermone
1130 2269 1183 2299 vel
1206 2269 1312 2299 solum
1339 2272 1412 2307 (ant
1435 2270 1487 2300 vel

165 2323 237 2342 curn
256 2314 373 2343 mortis
387 2314 535 2352 periculo
549 2324 585 2343 se
601 2313 745 2351 Romae)
764 2313 850 2343 velle
867 2323 942 2343 esse
960 2311 1134 2343 Lehmann
1284 2324 1319 2352 17
1346 2314 1400 2343 νῦν
1416 2314 1483 2344 secl.

167 2356 260 2385 (obet
409 2367 449 2395 23
476 2357 516 2386 Et
541 2356 626 2386 codd.
647 2356 684 2396 cf.
706 2357 746 2386 vi.
768 2366 793 2386 1.
814 2365 854 2393 25
872 2367 878 2386 :
905 2356 971 2386 Sed
990 2357 1075 2396 vulg.
1232 2367 1272 2395 24
1297 2366 1337 2386 111
1361 2367 1390 2386 v.
1409 2368 1431 2386 c.
1457 2356 1484 2386 L

168 2400 307 2439 (marg.)
324 2399 439 2430 ORP:
472 2401 514 2430 ivi
533 2398 582 2429 Μ
601 2411 607 2430 :
631 2409 686 2430 1111
703 2400 754 2429 Μ2
816 2399 930 2429 Nonas
948 2399 1137 2440 Mcrlaspina
1158 2412 1165 2430 τ
1191 2399 1275 2431 Non.
1296 2400 1431 2438 Apriles
1449 2400 1489 2430 M

164 2453 204 2481 27
231 2444 280 2473 dis
298 2443 430 2473 solvere
446 2444 528 2473 Pius
652 2444 693 2473 28
717 2443 811 2474 Aveo
827 2442 891 2474 Iac.
910 2443 1111 2474 Gronovius:
1136 2444 1221 2474 adeo
1238 2438 1336 2472 MZM
1354 2455 1360 2474 :
1384 2443 1484 2483 idque

165 2488 250 2517 adeo
268 2481 310 2516 Zb
326 2499 332 2517 :
356 2487 440 2518 obeo
459 2486 544 2517 Reid
