1827 2798
601 151 713 188 EPP.
746 151 823 187 AD
854 149 1112 189 ATTICVM
1417 150 1504 187 XV.
1523 149 1571 187 ix

181 259 396 296 emendum
423 266 460 297 et
489 260 539 297 ad
564 260 701 298 urbem
730 259 966 298 mittendum
987 265 1174 297 curarent.
1235 259 1270 298 O
1292 271 1372 297 rem
1394 256 1503 296 mise—

180 326 286 361 ram!
316 323 486 373 primum
510 326 629 362 ullam
656 325 707 363 ab
734 324 826 371 istis,
856 324 959 371 dein,
983 325 1013 362 si
1038 324 1221 374 aliquam,
1249 325 1352 362 hanc
1381 325 1504 373 ’l‘lega-

179 387 345 427 toriam†
365 388 606 438 provinciam
626 392 632 427 ἔ
685 392 817 439 Atque
845 392 950 428 haud
972 389 1052 428 scio
1072 403 1122 427 an
1148 389 1286 428 melius
1316 389 1363 427 sit
1384 402 1503 438 quam

178 453 229 490 ad
246 453 434 490 Eurotam
456 455 602 491 sedere.
657 455 735 492 Sed
753 456 849 493 haec
868 468 980 493 casus
996 454 1239 504 gubernabit.
1289 453 1356 491 Ait
1371 460 1503 491 autem

140 531 157 562 5
179 518 322 555 eodem
351 525 527 567 tempore
557 519 758 557 decretum
786 519 829 556 iri
857 527 898 557 ut
926 528 963 558 et
986 519 1031 557 iis
1055 527 1093 557 et
1117 518 1274 569 reliquis
1300 517 1502 568 praetoriis

177 581 401 631 provinciae
422 583 692 621 decernantur.
754 585 847 622 Hoc
876 592 980 622 certe
1010 583 1148 622 melius
1172 597 1290 633 quam
1316 583 1380 621 illa
1409 587 1501 633 Περ-

176 646 265 696 σικὴ
285 646 457 696 porticus
475 662 483 694 3
513 649 606 685 nolo
627 647 733 686 enim
756 650 1097 687 Lacedaemonem
1118 648 1359 698 flonginquo
1379 661 1500 698 quom

177 711 399 749 Lanuvium
414 711 682 752 existimavit†.
727 716 735 732 ‘
751 713 874 752 Rides
892 716 899 731 '
921 713 1073 763 inquies
1097 713 1158 751 ‘in
1175 712 1317 751 talibus
1333 713 1448 751 rebus
1463 714 1501 751 ?'

176 775 285 824 Quid
306 775 478 814 faciam?
507 777 700 826 plorando
720 778 844 815 fessus
866 792 962 816 sum.

118 854 156 876 10
232 840 283 878 Di
317 840 579 880 immortales!
610 855 729 891 quam
759 856 822 881 me
852 843 1128 881 conturbatum
1158 842 1283 882 tenuit
1312 843 1500 894 epistulae
1521 851 1545 879 2

175 912 264 943 tuae
285 905 388 955 prior
414 905 579 955 pagina!
609 906 707 956 quid
734 914 867 945 autem
894 907 965 945 iste
993 907 1030 944 in
1058 909 1180 946 domo
1210 914 1276 946 tua
1305 921 1417 946 casus
1446 922 1501 946 ar-

174 972 358 1009 morum?
415 972 492 1009 Sed
520 972 625 1009 hunc
654 971 815 1021 quidem
840 972 1018 1009 nimbum
1049 972 1128 1010 cito
1157 971 1340 1010 transisse
1365 974 1498 1011 laetor.

173 1036 236 1072 Tu
257 1035 352 1084 quid
373 1035 494 1085 egeris
516 1044 581 1074 tua
611 1050 702 1074 cum
729 1036 825 1074 tristi
847 1044 929 1074 tum
959 1036 1075 1074 etiam
1102 1036 1250 1075 difficili
1273 1038 1324 1075 ad
1349 1037 1501 1075 consili-

173 1101 323 1138 andum
352 1100 546 1150 legatione
575 1102 828 1139 vehementer
853 1108 1037 1150 exspecto
1052 1115 1061 1148 3
1091 1107 1148 1138 est
1169 1100 1274 1139 enirn
1296 1101 1502 1151 inexplica-

119 1179 152 1210 ¹5
175 1164 272 1202 bilis.
333 1166 393 1203 Ita
431 1164 764 1203 circumsedemur
803 1164 925 1214 copiis
964 1165 1158 1203 omnibus.
1231 1167 1300 1204 Me
1339 1166 1500 1216 quidem

175 1230 283 1268 Bruti
313 1230 462 1269 litterae
490 1245 587 1281 quas
610 1230 786 1269 ostendis
811 1244 835 1268 a
859 1238 896 1268 te
921 1231 1039 1268 lectas
1069 1229 1122 1267 ita
1151 1230 1426 1279 perturbarunt
1445 1239 1499 1279 ut,

173 1309 413 1345 quamquam
442 1304 533 1334 ante
564 1297 728 1346 egebam
752 1294 929 1342 consilio,
959 1302 1091 1333 tamen
1116 1294 1238 1332 animi
1262 1296 1398 1334 dolore
1427 1296 1500 1334 sim

172 1361 327 1399 tardior.
387 1363 465 1400 Sed
501 1364 620 1411 plura,
651 1375 741 1399 cum
775 1360 848 1398 ista
879 1373 1062 1409 cognoro.
1123 1360 1216 1397 Hoc
1245 1367 1377 1398 autem
1406 1368 1501 1399 tem-

172 1438 266 1474 pore
295 1428 403 1476 quod
435 1427 644 1465 scriberem
669 1426 766 1464 nihil
795 1432 885 1472 erat,
910 1437 1037 1474 eoque
1058 1423 1189 1462 minus
1211 1426 1327 1474 quod-
1349 1425 1500 1465 dubita-

114 1504 154 1526 20
173 1490 263 1528 bam
296 1498 337 1529 tu
372 1493 441 1530 has
472 1492 574 1542 ipsas
604 1491 749 1530 litteras
781 1503 940 1528 essesne
968 1496 1210 1539 accepturus.
1270 1491 1364 1528 Erat
1393 1490 1497 1529 enim

171 1554 362 1594 incertum
397 1557 599 1595 visurusne
629 1565 667 1595 te
696 1562 798 1595 esset
829 1553 1062 1593 tabellarius.
1124 1555 1208 1605 Ego
1239 1561 1324 1593 tuas
1353 1554 1498 1596 litteras

169 1621 422 1660 vehementer
442 1629 636 1673 exspecto.

212 1725 254 1760 X
329 1730 398 1762 Ser.
419 1732 453 1762 t'n
476 1731 660 1762 thsculano
677 1733 761 1763 Non.
782 1732 857 1763 Imz.
879 1736 938 1762 ant
949 1730 1104 1771 postmdie
1119 1739 1148 1760 a.
1170 1739 1228 1769 710
1248 1729 1333 1771 (44).

575 1808 746 1840 CICERO
776 1808 956 1839 ATTICO
985 1807 1089 1838 SAL.

112 1891 148 1923 25
223 1879 259 1917 O
285 1879 393 1918 Bruti
419 1888 596 1919 amanter
626 1881 787 1931 scriptas
812 1881 982 1919 litteras!
1014 1894 1037 1919 o
1063 1879 1242 1930 iniquum
1270 1887 1381 1918 tuum
1402 1888 1495 1919 tem—

169 1955 242 1992 pus
263 1943 329 1992 qui
349 1946 400 1983 ad
421 1959 510 1983 eum
532 1945 586 1984 ire
606 1959 687 1984 non
708 1946 832 1996 possis
853 1950 859 1984 !
920 1948 1004 1996 Ego
1025 1952 1157 1983 autem
1181 1944 1276 1993 quid
1299 1944 1496 1983 scribam?

168 2015 209 2044 ut
232 2008 424 2047 beneficio
445 2009 606 2048 istorum
628 2012 818 2048 utantur?
874 2010 983 2059 Quid
1014 2009 1196 2059 turpius?
1252 2010 1305 2046 Vt
1335 2008 1494 2046 molian—

168 2078 229 2108 tur
247 2072 426 2122 aliquid?
475 2075 560 2113 Nec
580 2076 728 2113 audent
749 2088 822 2113 nec
842 2075 918 2112 iarn
940 2082 1114 2125 possunt.
1175 2075 1271 2122 Age,
1291 2073 1494 2122 quiescant

166 2137 392 2176 auctoribus
426 2138 540 2177 nobis
559 2153 569 2186 3
611 2139 698 2189 quis
732 2138 1040 2177 incolumitatem
1075 2140 1271 2189 praestat?
1329 2138 1368 2176 Si
1402 2152 1494 2177 vero

107 2216 148 2247 30
166 2201 315 2251 aliquid
335 2204 385 2241 de
408 2203 575 2242 Decimo
603 2203 767 2254 gravius,
789 2217 890 2253 quae
910 2204 1051 2242 nostris
1072 2204 1162 2252 vita,
1182 2204 1300 2242 etiam
1322 2203 1352 2242 si
1374 2216 1493 2242 nemo

208 2314 228 2333 2
264 2304 457 2335 locatoriam
486 2305 605 2336 Rosius
812 2317 828 2345 7
863 2306 1136 2345 longinquiorem
1168 2318 1268 2346 quarn
1305 2307 1491 2338 Lanuvium

166 2348 351 2378 existimari
370 2350 446 2379 coni.
465 2348 588 2379 Mz‘c'ller
753 2359 789 2388 13
814 2354 887 2380 ante
897 2355 952 2380 tua
969 2350 1043 2383 add.
1062 2351 1104 2381 de
1121 2350 1244 2382 Scln'itz
1356 2351 1490 2382 concili-

165 2392 291 2421 andum
307 2393 384 2423 coni.
406 2392 490 2422 Boot
