1827 2798
615 173 726 210 EPP.
759 173 836 209 AD
867 172 1124 210 ATTICVM
1495 172 1540 207 X.
1560 169 1640 205 iiia

248 285 394 323 Caesar
413 283 509 321 mihi
530 283 695 333 ignoscit
716 297 784 333 per
810 283 954 321 litteras
975 284 1082 332 quod
1111 296 1190 321 non
1212 281 1396 328 venerim,
1420 295 1518 319 sese-
1537 290 1561 316 2

193 363 270 399 que
284 349 323 386 in
337 348 527 398 optimam
544 357 694 398 partem
712 348 750 386 id
766 348 943 396 accipere
958 347 1063 386 dicit.
1110 347 1239 385 Facile
1256 347 1391 396 patior,
1408 348 1515 396 quod

193 416 336 462 scribit,
366 429 498 453 secum
527 415 718 452 Titinium
748 423 785 452 et
814 414 988 453 Servium
1016 422 1176 463 questos
1203 428 1287 452 esse
1315 413 1407 462 quia
1435 427 1513 451 non

191 480 297 518 idem
327 479 401 517 sibi
431 480 539 529 quod
569 479 665 516 mihi
695 478 914 516 remisisset.
976 478 1172 516 Homines
1203 478 1410 516 ridiculos!
1449 478 1514 527 qui

153 561 169 590 5
191 559 280 583 cum
313 544 413 582 filios
446 543 641 582 misissent
674 545 724 581 ad
757 546 830 583 (fn.
864 543 1096 593 Pompeium
1133 542 1513 589 circumsedendum,

189 609 261 660 ipsi
294 609 333 647 in
366 616 544 647 senatum
575 608 706 646 venire
736 607 960 646 dubitarint.
1021 608 1098 645 Sed
1129 615 1260 646 tamen
1292 609 1512 658 exemplum

189 674 274 713 misi
302 676 353 713 ad
380 682 417 713 te
440 673 616 713 Caesaris
643 673 866 712 litterarum.

232 850 298 887 IV
467 853 538 884 Scr.
555 852 589 884 in
609 852 761 883 Cumano
776 851 848 882 xvii
860 851 902 882 K.
923 851 1006 884 Mat.
1028 863 1057 882 a.
1080 861 1135 892 705
1150 850 1239 892 (49).

602 927 777 959 CICERO
802 927 973 957 ATTICO
1001 927 1096 959 SAL.

131 1024 170 1046 10
243 1007 390 1044 Multas
410 1018 433 1044 a
453 1012 491 1044 te
516 1003 652 1054 accepi
678 1003 863 1053 epistulas
891 1004 1032 1041 eodem
1061 1001 1125 1040 die
1153 1001 1281 1040 omnis
1308 1000 1512 1052 diligenter
1532 1016 1548 1042 1

187 1070 360 1120 scriptas,
383 1083 469 1108 eam
496 1083 588 1107 vero
615 1081 716 1118 quae
742 1066 952 1104 voluminis
983 1066 1102 1104 instar
1132 1073 1213 1104 erat
1243 1079 1359 1116 saepe
1388 1068 1514 1116 legen-

187 1136 289 1181 dam,
314 1133 427 1171 sicuti
455 1132 567 1170 facio.
630 1133 676 1169 In
705 1144 782 1180 qua
811 1144 892 1168 non
923 1132 1061 1168 frustra
1091 1131 1266 1168 laborem
1297 1130 1515 1180 suscepisti,

188 1197 282 1234 mihi
300 1197 460 1246 quidem
481 1204 702 1246 pergratum
724 1194 860 1232 fecisti.
913 1196 1004 1242 Qua
1025 1208 1065 1232 re
1087 1202 1129 1232 ut
1150 1194 1200 1241 id,
1217 1195 1348 1244 quoad
1369 1194 1513 1240 licebit,

186 1261 226 1299 id
243 1269 301 1299 est
317 1262 449 1311 quoad
466 1261 564 1299 scies
580 1260 648 1298 ubi
670 1259 801 1307 simus,
819 1273 937 1309 quam
963 1259 1188 1309 saepissime
1212 1259 1328 1297 facias
1349 1267 1387 1297 te
1403 1261 1515 1297 vehe-

128 1346 164 1376 15
186 1336 337 1365 menter
356 1339 461 1376 rogo.
512 1328 572 1363 Ac
593 1324 825 1374 deplorandi
848 1324 1019 1374 quidem,
1043 1326 1150 1374 quod
1172 1324 1316 1363 cotidie
1337 1324 1511 1370 facimus,

184 1391 232 1430 sit
263 1391 338 1429 iam
374 1391 490 1429 nobis
523 1398 590 1428 aut
625 1390 712 1427 finis
748 1389 921 1435 omnino,
957 1389 987 1427 si
1023 1397 1162 1439 potest,
1195 1397 1262 1427 aut
1295 1389 1513 1428 moderatio

184 1458 389 1506 quaedam,
407 1457 515 1506 quod
532 1457 708 1506 profecto
724 1462 862 1505 potest.
913 1456 1005 1493 Non
1027 1454 1131 1493 enim
1155 1454 1231 1492 iam
1253 1468 1370 1504 quam
1393 1454 1514 1504 digni-

183 1530 313 1568 tatem,
344 1536 444 1572 quos
473 1523 652 1567 honores,
684 1534 802 1570 quem
834 1520 936 1558 vitae
969 1527 1111 1557 statum
1143 1519 1338 1557 amiserim
1369 1519 1513 1569 cogito,

184 1589 252 1626 sed
286 1588 381 1638 quid
413 1594 648 1625 consecutus
679 1585 763 1631 sim,
795 1585 890 1635 quid
924 1584 1191 1634 praestiterim,
1221 1597 1299 1634 qua
1327 1583 1366 1622 in
1396 1586 1512 1622 laude

125 1672 166 1694 20
184 1653 354 1699 vixerim,
378 1652 437 1690 his
459 1652 630 1701 denique
652 1651 691 1688 in
714 1650 825 1688 malis
847 1649 943 1699 quid
972 1649 1120 1687 intersit
1148 1649 1247 1687 inter
1273 1663 1335 1687 me
1356 1657 1393 1687 et
1418 1649 1511 1687 istos

183 1732 283 1768 quos
303 1727 460 1769 propter
481 1718 614 1756 omnia
633 1716 845 1755 amisimus.
902 1714 958 1752 Hi
979 1722 1068 1751 sunt
1090 1713 1167 1763 qui,
1184 1713 1257 1751 nisi
1273 1727 1336 1751 me
1357 1714 1511 1752 civitate

183 1786 430 1836 expulissent,
448 1785 625 1824 obtinere
642 1798 682 1822 se
699 1797 779 1821 non
798 1788 1033 1833 putaverunt
1053 1794 1168 1830 posse
1189 1780 1385 1818 licentiam
1408 1781 1510 1830 cupi-

182 1852 347 1890 ditatum
379 1865 546 1889 suarum.
608 1853 788 1900 Quorum
819 1847 1014 1887 societatis
1043 1854 1081 1885 et
1111 1848 1319 1884 sceleratae
1348 1860 1509 1885 consen-

182 1916 301 1954 sionis
324 1918 420 1955 fides
442 1931 521 1967 quo
542 1917 709 1966 eruperit
726 1915 845 1954 vides.
898 1915 1008 1951 Alter
1028 1913 1138 1950 ardet
1158 1913 1285 1949 furore
1307 1921 1343 1949 et
1364 1914 1508 1950 scelere
1527 1924 1550 1952 2

124 1997 162 2029 25
183 1995 255 2019 nec
275 1983 435 2021 remittit
456 1983 604 2033 aliquid
626 1984 695 2020 sed
717 1981 756 2019 in
777 1981 861 2020 dies
887 1977 1142 2030 ingravescit3
1173 1978 1294 2014 modo
1316 1977 1429 2015 Italia
1449 1991 1508 2015 ex-

182 2046 289 2096 pulit,
306 2062 412 2086 nunc
432 2048 507 2086 alia
522 2062 568 2086 ex
584 2055 691 2097 parte
709 2046 899 2097 persequi,
918 2059 964 2083 ex
981 2044 1054 2082 alia
1075 2041 1274 2093 provincia
1296 2042 1508 2091 exspoliare

181 2119 345 2149 conatur
375 2126 449 2150 nec
487 2112 564 2150 iam
596 2119 747 2149 recusat
777 2112 846 2149 sed
878 2111 1052 2160 quodam
1093 2109 1214 2145 modo
1248 2107 1418 2156 postulat
1452 2115 1505 2152 ut,

182 2189 298 2224 quern
320 2177 370 2214 ad
392 2177 555 2214 modum
577 2183 645 2222 est,
669 2176 723 2213 sic
744 2175 859 2214 etiam
888 2176 1104 2224 appelletur
1129 2181 1323 2222 tyrannus.
1384 2172 1502 2217 Alter,
1526 2183 1549 2219 3

182 2240 213 2278 is
243 2240 309 2290 qui
341 2254 413 2278 nos
444 2240 518 2278 sibi
550 2241 751 2289 quondam
784 2240 835 2277 ad
866 2240 986 2288 pedes
1019 2246 1158 2276 stratos
1194 2251 1243 2275 ne
1277 2236 1505 2274 sublevabat

225 2357 243 2375 2
270 2346 379 2376 Facile
397 2345 515 2384 patior.
567 2344 665 2382 Quod
686 2368 690 2373 .
712 2368 717 2373 .
741 2367 747 2373 .
770 2343 987 2380 remississet,
1006 2342 1163 2372 homines
1183 2342 1365 2372 Gronovius
1490 2349 1508 2377 3

180 2389 341 2420 Titinium
359 2389 447 2419 Koch
464 2400 471 2418 t
495 2387 614 2418 tulium
633 2387 673 2416 M
689 2399 694 2416 :
718 2387 852 2417 Tullum
870 2387 959 2427 vulg.
1072 2396 1090 2424 5
1118 2385 1420 2416 circumsidentium
1438 2389 1505 2416 vett.

180 2433 409 2507 5<dubitarint
430 2431 635 2472 lVesenberg:
661 2434 774 2460 -arent
792 2430 833 2460 M
956 2439 998 2469 25
1019 2432 1092 2470 post
1108 2429 1236 2469 expulit
1252 2428 1326 2460 add.
1344 2438 1505 2468 generum

216 2487 310 2516 ayser

1361 2516 1420 2548 22*
