1827 2798
183 150 298 188 XIII.
323 150 431 188 xxiii
689 150 745 187 M.
777 149 946 186 TVLLI
978 148 1288 187 CICERONIS

332 263 381 300 da
407 270 443 299 te
468 261 506 298 in
535 272 757 298 sermonem
785 267 823 297 et
852 272 1012 309 perseca
1041 266 1078 298 et
1109 259 1261 298 confice
1291 267 1329 298 et
1356 259 1409 297 ita
1438 273 1528 298 cum
1551 261 1661 298 Polla

330 329 490 375 loquere
511 333 552 363 ut
573 333 611 363 te
632 338 722 362 cum
744 324 812 362 illo
833 326 981 363 Scaeva
1006 323 1115 374 loqui
1140 332 1254 375 putes
1281 338 1355 363 nec
1376 324 1573 363 existimes
1595 339 1662 363 eos

331 391 396 440 qui
419 403 498 428 non
520 389 655 428 debita
674 389 891 427 consectari
913 391 1063 428 soleant
1080 391 1186 439 quod
1210 390 1401 429 debeatur
1420 390 1660 429 remissuros.

336 457 395 493 De
415 455 480 493 die
501 462 654 493 tantum
675 454 808 493 videto
829 462 866 492 et
887 454 927 492 id
948 454 1076 504 ipsum
1099 455 1206 493 bono
1228 456 1360 494 modo.

376 560 530 595 XXIV
599 563 670 595 Ser.
691 563 725 594 in
746 561 933 594 Tusculano
950 575 969 594 v
985 562 1034 595 Id.
1056 564 1167 604 Quint.
1189 575 1220 596 a.
1243 574 1302 605 709
1322 565 1401 606 (45).

757 640 928 671 CICERO
950 641 1133 672 ATTICO
1155 640 1263 672 SAL.

298 724 313 752 1
391 714 499 763 Quid
529 721 587 752 est
615 714 724 764 quod
753 715 1028 763 Hermogenes
1053 713 1149 751 mihi
1175 713 1341 752 Clodius
1368 714 1668 752 Andromenem

336 779 408 817 sibi
430 778 574 818 dixisse
595 792 635 816 se
657 778 891 817 Ciceronem
913 777 1057 816 vidisse
1079 779 1303 828 Corcyrae?
1360 779 1446 828 Ego
1473 778 1578 816 enim
1605 793 1668 817 au-

336 844 417 883 dita
438 841 508 882 tibi
530 851 719 893 putaram.
780 843 846 881 Nil
868 843 982 892 igitur
1002 857 1053 881 ne
1073 843 1108 881 ei
1130 843 1291 893 quidem
1313 843 1557 882 litterarum?
1604 845 1667 881 An

336 922 416 948 non
439 909 564 947 vidit?
621 908 756 946 Facies
778 921 869 958 ergo
891 916 932 946 ut
953 908 1085 946 sciam.

391 975 500 1024 Quid
522 974 592 1013 tibi
613 987 686 1024 ego
707 975 757 1012 de
777 976 954 1013 Varrone
975 973 1218 1012 rescribam?
1276 976 1474 1023 Quattuor
1500 975 1670 1024 διφθέραι

337 1048 427 1079 sunt
465 1040 505 1077 in
545 1047 611 1077 tua
650 1047 854 1089 potestate.
920 1040 1042 1088 Quod
1081 1038 1204 1088 egeris
1244 1038 1283 1077 id
1323 1039 1512 1089 probabo.
1584 1041 1670 1077 Nec

338 1114 469 1144 tamen
500 1105 689 1154 ‘aisse'olaat
709 1106 857 1154 Τρῶας]
916 1103 1025 1152 Quid
1055 1104 1192 1142 enim?
1249 1105 1326 1142 Sed
1356 1104 1429 1154 ipsi
1460 1118 1579 1154 quam
1610 1118 1669 1142 res

337 1170 401 1208 illa
422 1170 652 1220 probaretur
672 1168 794 1219 magis
815 1168 986 1207 verebar.
1046 1169 1124 1207 Sed
1145 1168 1334 1218 quoniam
1361 1176 1403 1206 tu
1431 1168 1606 1218 suscipis,
1630 1168 1669 1206 in

337 1236 498 1273 alteram
519 1248 664 1272 aurem.

296 1310 320 1337 2
397 1302 458 1338 De
478 1299 697 1338 retentione
724 1297 901 1348 rescripsi
927 1298 979 1336 ad
1003 1306 1089 1336 tuas
1116 1306 1296 1336 accurate
1323 1298 1484 1348 scriptas
1512 1298 1668 1336 litteras.

185 1354 317 1395 (ΧΧΨῙ)
342 1363 540 1403 Conficies
561 1363 676 1413 igitur
696 1371 733 1401 et
755 1363 916 1413 quidem
938 1362 1021 1401 sine
1042 1363 1120 1400 ulla
1140 1362 1388 1401 dubitatione
1407 1370 1473 1401 aut
1495 1370 1673 1402 retracta-

340 1429 457 1467 tione.
519 1430 612 1466 Hoc
634 1428 715 1466 fieri
736 1435 773 1466 et
795 1435 949 1478 oportet
970 1435 1007 1465 et
1028 1440 1127 1477 opus
1149 1435 1216 1465 est.

383 1534 511 1572 XXV
595 1536 665 1568 Ser.
685 1537 719 1567 in
742 1536 927 1567 Tusculano
943 1535 975 1566 iv
991 1535 1040 1567 Id.
1063 1535 1174 1575 Quint.
1196 1546 1225 1567 a.
1249 1546 1307 1577 709
1327 1536 1407 1577 (45).

746 1612 917 1644 CICERO
940 1612 1123 1644 ATTICO
1145 1610 1252 1644 SAL.

398 1690 459 1727 De
489 1689 747 1726 Andromene
781 1694 823 1724 ut
862 1685 998 1724 scribis
1037 1685 1091 1724 ita
1128 1694 1319 1736 putaram.
1381 1686 1528 1725 Scisses
1567 1686 1672 1724 enim

299 1765 322 1791 2
343 1753 518 1803 mihique
545 1752 719 1791 dixisses.
778 1753 841 1789 Tu
867 1759 999 1789 tamen
1026 1751 1080 1789 ita
1108 1750 1205 1789 mihi
1235 1753 1285 1790 de
1313 1754 1436 1790 Bruto
1466 1751 1602 1790 scribis
1632 1760 1673 1790 ut

341 1821 391 1858 de
412 1827 450 1857 te
471 1818 578 1856 nihil.
623 1818 798 1866 Quando
818 1824 949 1854 autem
971 1816 1081 1854 illum
1102 1818 1247 1866 putas?
1290 1818 1393 1854 Nam
1411 1830 1484 1867 ego
1501 1819 1672 1855 Romam

341 1885 465 1936 pridie
496 1886 604 1923 Idus.
666 1885 788 1920 Bruto
818 1882 871 1920 ita
899 1881 1006 1921 volui
1037 1881 1205 1920 scribere
1230 1881 1317 1932 (sed
1345 1881 1533 1931 quoniam
1564 1889 1605 1920 tu
1636 1890 1673 1920 te

341 1950 479 2000 legisse
509 1948 656 1996 scribis,
680 1948 735 1986 fui
765 1950 928 1986 sortasse
959 1947 1234 1997 ἀσαφέστερος)
1266 1961 1328 1985 me
1358 1961 1405 1985 ex
1432 1947 1508 1985 tuis
1537 1946 1673 1985 litteris
1697 1961 1730 1980 2·

341 2014 577 2054 intellexisse
604 2016 710 2053 nolle
737 2027 828 2053 eum
856 2027 919 2052 me
947 2013 1058 2063 quasi
1085 2012 1352 2064 prosequendi
1377 2012 1436 2051 sui
1457 2026 1575 2051 causa
1597 2015 1674 2051 Ro-

342 2095 445 2119 mam
468 2094 574 2119 nunc
595 2080 738 2119 venire.
782 2081 871 2125 Sed,
896 2078 1084 2128 quoniam
1105 2078 1183 2117 iam
1203 2079 1315 2116 adest
1337 2091 1447 2116 meus
1468 2079 1670 2126 adventus,

342 2147 412 2192 fac,
436 2159 596 2196 quaeso,
627 2159 676 2183 ne
706 2144 803 2194 quid
833 2157 923 2181 eum
956 2143 1052 2181 Idus
1082 2141 1301 2192 impediant
1330 2156 1411 2193 quo
1441 2142 1570 2181 minus
1600 2157 1672 2182 suo

388 2260 399 2279 1
428 2255 543 2289 persta
568 2249 720 2279 Ribbeck:
746 2257 887 2288 persece
909 2248 988 2278 coni.
1010 2246 1133 2278 Orelli:
1157 2248 1283 2287 perfice
1300 2247 1386 2277 Reid
1471 2252 1505 2278 et
1529 2247 1574 2278 ita
1598 2258 1673 2278 cum

343 2293 436 2323 Polla
456 2305 481 2324 v.
503 2305 525 2324 c.
549 2291 666 2324 ORP:
691 2294 802 2323 excita
828 2291 994 2331 compella
1011 2288 1070 2321 M:
1097 2296 1130 2321 et
1151 2291 1196 2321 ita
1220 2301 1295 2321 cum
1322 2291 1428 2321 Balbo
1449 2291 1554 2321 Reid:
1579 2296 1611 2321 et
1630 2291 1673 2321 ita

342 2346 416 2366 cum
435 2337 552 2367 Caelio
570 2336 721 2367 Schmidt
801 2347 819 2366 2
843 2346 905 2365 nec
921 2334 1107 2366 Corradus:
1133 2345 1175 2364 ne
1193 2333 1233 2364 M
1313 2336 1333 2365 8
1355 2334 1551 2375 Corcy<i)re
1568 2333 1673 2365 RPJ:

341 2390 478 2411 currere
503 2386 531 2410 Δ
662 2389 696 2409 11
725 2379 861 2419 διφθέραι
877 2379 975 2409 Rom.
993 2379 1033 2409 I:
1057 2380 1207 2417 διφθερισι
1225 2372 1304 2408 MZl
1435 2389 1475 2416 24
1502 2378 1610 2408 Bruto
1628 2378 1673 2408 ita

342 2422 431 2455 volui
449 2423 536 2455 codd.
552 2426 681 2464 praeter
694 2428 722 2453 Δ
739 2433 768 2453 v.
776 2434 798 2454 c.
817 2420 845 2451 L
865 2422 1008 2463 (marg.)
1028 2421 1114 2453 Crat.
1133 2434 1139 2453 z
1164 2422 1209 2452 ita
1225 2421 1315 2452 volui
1335 2421 1439 2452 Bruto
1456 2426 1484 2451 A
