1827 2798
125 946 164 969 10

125 1651 163 1672 20

588 159 700 197 EPP.
733 159 810 196 AD
840 157 1099 197 ATTICVM
1419 157 1515 195 XII.
1534 158 1659 194 xxvii

185 269 343 320 iamque
362 269 447 320 ipsa
466 269 633 308 contrita
653 277 753 308 sunt.
805 271 959 308 Tamen
980 270 1107 307 facere
1128 281 1209 307 non
1230 281 1391 318 possum
1413 266 1509 316 quin

185 335 330 373 cotidie
350 335 401 373 ad
421 343 459 373 te
480 334 632 372 mittam
653 342 695 372 ut
715 342 801 372 tuas
821 334 1023 384 accipiam.
1084 335 1147 371 De
1169 335 1291 371 Bruto
1311 340 1454 378 tamen,
1477 331 1507 370 si
1527 343 1552 380 3

184 398 281 448 quid
309 398 484 437 habebis.
544 398 638 436 Sciri
660 398 765 436 enim
787 398 864 435 iarn
886 406 982 447 puto
1003 397 1071 435 ubi
1099 399 1267 435 Pansam
1298 404 1505 446 exspectet.

184 463 234 510 Si,
257 471 300 500 ut
319 464 566 501 consuetudo
587 470 655 509 est,
678 462 719 500 in
739 462 864 511 prima
884 461 1096 512 provincia,
1119 462 1270 500 circiter
1292 462 1379 499 Kal.
1401 462 1510 499 adfu-

183 537 290 566 turus
322 527 483 566 videtur.
542 528 697 565 Vellem
729 525 900 574 tardiu53
939 527 1054 564 valde
1092 526 1198 564 enim
1232 526 1370 563 urbem
1403 526 1510 575 fugio

183 594 325 630 multas
346 592 398 630 ob
419 605 567 630 causas.
614 592 754 640 Itaque
771 589 811 628 id
832 589 960 640 ipsum
983 590 1124 628 dubito
1143 603 1194 627 an
1216 590 1508 628 excusationem

182 657 354 706 aliquam
384 658 435 695 ad
464 656 573 694 illum
597 669 730 705 parem
746 670 755 703 3
790 656 898 705 quod
930 654 1100 709 quidem>
1124 655 1242 693 video
1270 655 1382 693 facile
1411 669 1506 693 esse„

182 723 261 761 Sed
281 722 473 760 habemus
494 720 586 760 satis
607 720 793 771 temporis
814 722 865 760 ad
886 720 1152 771 cogitandum.
1203 720 1334 767 Piliae,
1353 720 1509 759 Atticae

181 789 358 826 salutem.

226 934 431 970 XXVIII
507 937 577 969 Scr.
597 937 748 968 Asturae
762 938 797 969 ix
807 937 853 969 K.
870 937 955 977 Apr.
974 947 1005 969 a.
1026 947 1085 979 709
1101 937 1181 978 (45).

582 1025 752 1056 CICERO
782 1023 964 1055 ATTICO
995 1022 1102 1056 SAL.

238 1116 299 1153 De
321 1114 415 1153 Silio
436 1114 518 1152 nilo
537 1115 650 1163 plura
675 1113 843 1163 cognovi
870 1127 918 1152 ex
943 1121 1149 1163 praesente
1179 1113 1292 1152 Sicca
1312 1127 1431 1163 quam
1461 1127 1508 1153 ex

182 1179 316 1218 litteris
345 1179 439 1217 eius.
500 1178 713 1228 Scripserat
733 1178 838 1216 enim
860 1178 1077 1228 diligenter.
1137 1178 1177 1217 Si
1201 1178 1315 1228 igitur
1336 1188 1376 1216 tu
1398 1179 1507 1217 illum

182 1244 423 1291 conveneris,
464 1243 609 1282 scribes
652 1244 704 1281 ad
744 1257 807 1282 me
855 1243 887 1281 si
925 1242 1022 1292 quid
1059 1243 1266 1282 videbitur.
1328 1246 1389 1282 De
1428 1257 1508 1294 quo

181 1318 294 1360 putas
315 1311 366 1348 ad
387 1323 450 1347 me
471 1308 634 1347 missum
656 1322 751 1355 esse,
771 1308 819 1346 sit
835 1308 999 1346 missum
1020 1322 1146 1346 necne
1166 1308 1300 1347 nescio
1319 1324 1327 1356 ;
1357 1309 1507 1347 dictum

181 1375 343 1425 quidem
372 1373 468 1412 mihi
498 1382 602 1412 certe
632 1373 729 1411 nihil
758 1380 827 1411 est.
885 1374 949 1410 Tu
979 1372 1102 1423 igitur,
1132 1381 1175 1411 ut
1204 1373 1377 1423 coepisti,
1407 1381 1446 1412 et
1477 1373 1509 1412 si

181 1441 278 1490 quid
298 1440 351 1478 ita
371 1439 567 1486 conficies,
591 1440 700 1489 quod
721 1437 907 1487 equidem
929 1451 1010 1475 non
1030 1438 1195 1476 arbitror
1214 1438 1296 1476 fieri
1316 1452 1443 1488 posse,
1466 1446 1509 1477 ut

181 1505 235 1544 illi
263 1506 460 1555 probetur,
483 1504 729 1550 Ciceronem,
761 1502 792 1540 si
822 1502 893 1541 tibi
922 1502 1103 1552 placebit,
1133 1502 1351 1541 adhibebis.
1413 1503 1508 1541 Eius

180 1570 329 1620 aliquid
366 1571 526 1609 interest
559 1569 682 1608 videri
717 1568 819 1606 illius
857 1581 977 1606 causa
1008 1567 1189 1615 voluisse,
1225 1582 1313 1606 mea
1346 1568 1508 1619 quidem

181 1636 277 1674 nihil
298 1635 372 1674 nisi
393 1637 501 1685 quod
522 1643 563 1673 tu
585 1634 670 1681 scis,
693 1634 803 1683 quod
823 1646 897 1682 ego
918 1632 1049 1682 magni
1068 1633 1245 1671 aestimo.

235 1703 357 1750 Quod
386 1715 450 1739 me
478 1702 529 1739 ad
559 1713 688 1738 meam
717 1697 1048 1737 consuetudinem
1082 1711 1252 1744 revocas,
1279 1698 1350 1737 fuit
1374 1712 1507 1737 meum
1527 1712 1552 1741 2

181 1767 341 1817 quidem
371 1766 449 1804 iam
478 1766 630 1816 pridem
660 1778 741 1803 rem
767 1763 967 1814 publicam
998 1764 1139 1813 lugere,
1163 1764 1272 1812 quod
1302 1763 1506 1811 faciebam,

181 1834 251 1871 sed
272 1833 402 1871 mitius
417 1847 427 1881 3
456 1831 662 1870 eratenim
684 1830 751 1869 ubi
778 1829 1081 1879 acquiescerem.
1142 1830 1260 1867 Nunc
1288 1830 1406 1879 plane
1435 1842 1509 1868 nec

181 1911 254 1947 ego
282 1898 429 1936 victum
459 1911 533 1936 nec
562 1897 682 1935 vitam
712 1895 818 1933 illam
849 1895 978 1932 colere
1010 1906 1172 1943 possum
1203 1907 1277 1931 nec
1312 1893 1352 1931 in
1387 1907 1434 1932 ea
1467 1907 1508 1932 re

144 1975 158 2005 .-
182 1963 277 2013 quid
309 1963 394 2001 aliis
422 1962 599 2001 videatur
628 1960 723 1998 mihi
757 1968 854 2010 puto
886 1959 1104 1997 curandum
1119 1973 1129 2006 3
1173 1972 1261 1996 mea
1292 1958 1388 1996 mihi
1418 1972 1510 1997 con-

182 2027 344 2066 scientia
373 2027 492 2076 pluris
523 2034 582 2065 est
616 2039 735 2076 quam
767 2024 946 2063 omnium
976 2037 1115 2061 sermo.
1177 2024 1299 2071 Quod
1331 2037 1394 2062 me
1425 2023 1509 2073 ipse

182 2105 250 2141 per
278 2092 424 2130 litteras
451 2093 675 2130 consolatus
702 2103 801 2136 sum,
823 2102 904 2126 non
925 2088 1098 2138 paenitet
1120 2101 1182 2125 me
1203 2096 1394 2137 quantum
1424 2102 1509 2138 pro-

224 2207 244 2236 3
270 2197 354 2228 Scir-i
375 2196 507 2227 Baiter:
532 2196 616 2226 scire
636 2194 746 2225 codd:
772 2193 859 2223 scire
884 2198 918 2224 te
938 2193 1015 2223 coni.
1040 2191 1229 2232 Wesenberg
1358 2194 1377 2222 8
1403 2192 1508 2223 Piliae

182 2246 216 2271 et
233 2241 366 2271 Atticae
384 2240 483 2270 Rom.
502 2239 522 2269 I
625 2249 662 2277 13
688 2238 762 2268 eius
779 2237 897 2268 Lamb.
914 2247 920 2267 ε
946 2235 1012 2266 tuis
1036 2235 1075 2265 Μ
1170 2246 1213 2266 20
1238 2236 1352 2274 magni
1366 2236 1415 2266 F:
1441 2247 1507 2267 om.

183 2284 225 2314 M
385 2293 423 2313 21
449 2293 502 2313 me
524 2283 565 2313 ad
586 2293 614 2312 v.
635 2293 658 2313 c.
676 2281 704 2311 L
725 2281 865 2321 (marg.)
884 2279 999 2310 codices
1015 2279 1118 2309 Bosi:
1142 2289 1196 2309 me
1213 2280 1254 2309 ad
1266 2285 1326 2319 pro
1344 2290 1450 2310 meam
1470 2279 1513 2309 M

183 2328 323 2367 (marg)
447 2337 488 2357 22
513 2326 629 2365 lugere
648 2325 676 2355 C
689 2336 716 2357 v.
736 2335 760 2357 c.
777 2319 831 2353 ΖΠ)
848 2335 855 2354 :
887 2323 1002 2360 legere
1021 2322 1072 2352 Μ1
1089 2334 1095 2353 :
1131 2333 1248 2361 regere
1266 2322 1354 2353 M‘25
1466 2332 1509 2361 23

183 2372 295 2402 mitius
316 2370 455 2402 Rosius:
481 2370 573 2401 intus
588 2363 687 2399 M¹Zb
777 2367 857 2409 nec]
876 2377 944 2397 non
962 2377 990 2398 v.
1010 2376 1033 2397 c.
1051 2364 1241 2407 lVesenberg
