1827 2798
540 175 652 211 EPP.
685 175 762 211 AD
791 172 1051 211 ATTICVM
1452 172 1499 208 X.
1523 172 1629 208 xviii

157 282 252 332 quid
273 282 430 321 fecerim
445 297 454 330 ;
483 296 622 321 omnes
642 282 747 321 enim
765 285 971 333 Κωρυκαῖοι
987 282 1167 321 videntur
1187 282 1479 320 subauscultare

156 360 257 397 quae
278 349 426 397 loquor.

208 413 271 450 Tu
303 420 435 450 tamen
469 411 500 450 si
532 412 627 462 quid
659 413 710 450 de
744 412 948 462 Hispaniis
981 412 1060 450 sive
1093 411 1188 461 quid
1219 412 1325 451 aliud
1351 425 1476 462 perge,
1498 425 1522 452 2

154 490 312 526 quaeso,
336 477 503 515 scribere
523 491 596 515 nec
624 490 731 515 meas
755 477 899 515 litteras
927 476 1171 526 exspectaris,
1195 476 1268 514 nisi
1290 490 1377 515 cum
1401 491 1480 526 quo

114 556 131 587 5
153 549 248 590 opto
272 541 563 591 pervenerimus
586 548 653 578 aut
680 541 711 579 si
735 541 831 590 quid
859 556 905 579 ex
932 554 1057 579 cursu.
1117 542 1195 579 Sed
1216 542 1291 579 hoc
1321 556 1479 591 quoquc

153 605 289 644 timide
316 605 443 644 scribo
459 620 469 653 ;
507 605 559 644 ita
586 605 719 644 omnia
743 607 852 644 tarda
880 607 1011 644 adhuc
1041 616 1079 644 et
1103 605 1236 655 spissa.
1297 608 1348 644 Vt
1378 607 1478 645 male

151 670 354 719 posuimus
375 670 484 708 initia
505 670 560 708 sic
580 678 708 709 cetera
728 678 954 720 sequuntur.

205 735 380 774 Formias
408 749 513 774 nunc
535 735 759 785 sequimur3
788 737 928 775 eodem
961 750 1032 774 nos
1057 737 1217 774 fortasse
1239 735 1376 774 Furiae
1397 750 1479 786 per<

151 808 373 849 sequentur.
434 802 492 838 Ex
523 800 635 838 Balbi
665 808 796 838 autem
828 814 1008 839 sermone
1032 814 1150 850 quem
1175 808 1305 839 tecum
1327 801 1477 848 habuit,

94 879 132 902 10
151 878 231 902 non
266 865 477 914 probamus
516 866 566 903 de
607 864 754 903 Melita.
836 865 1003 903 Dubitas
1043 865 1155 915 igitur
1193 865 1288 915 quin
1326 879 1398 904 nos
1437 866 1475 903 in

151 929 322 968 hostium
347 943 511 968 numero
537 929 710 968 habeat?
766 930 909 979 Scripsi
930 930 1114 979 equidem
1138 930 1262 969 Balbo
1283 938 1320 969 te
1340 932 1390 968 ad
1412 944 1474 968 me

149 1002 186 1032 et
207 996 250 1031 de
270 994 546 1032 benevolentia
566 993 766 1044 scripsisse
787 1002 825 1032 et
846 996 896 1032 de
921 994 1155 1044 suspicione.
1217 994 1288 1043 Egi
1309 994 1449 1044 gratias
1465 1009 1473 1041 ;
1492 999 1515 1035 3

148 1060 198 1097 de
218 1061 340 1097 altero
360 1058 395 1097 ei
416 1072 478 1097 me
499 1072 629 1108 purga.
691 1061 869 1108 Ecquem
899 1066 939 1096 tu
967 1059 1169 1097 hominem
1191 1058 1474 1098 infeliciorem?

150 1125 242 1162 Non
263 1125 402 1173 loquor
421 1124 541 1173 plura,
560 1137 610 1161 ne
631 1130 668 1161 te
689 1136 849 1173 quoque
876 1123 1106 1161 excruciem.
1168 1125 1258 1173 Ipse
1288 1124 1476 1162 conficior

91 1202 126 1233 15
149 1188 300 1226 venisse
316 1195 471 1237 tempus
490 1201 581 1225 cum
598 1187 674 1225 iam
692 1201 765 1226 nec
782 1187 929 1226 fortiter
946 1202 1017 1227 nec
1034 1189 1246 1238 prudenter
1262 1188 1473 1238 quicquam

148 1254 273 1291 facere
293 1252 451 1302 possim.

189 1356 209 1385 8
234 1356 351 1386 eodem
368 1354 399 1385 Z
416 1356 500 1394 (teste
516 1355 682 1392 Bassam:
717 1357 834 1387 eadem
857 1355 897 1387 Ν]
1031 1367 1069 1388 12
1093 1362 1126 1388 et
1144 1357 1185 1387 de
1209 1356 1286 1387 mni·
1308 1356 1427 1388 Orelli:
1453 1368 1472 1388 e

146 1398 227 1483 ἓξὲξ
251 1399 292 1430 de
309 1397 385 1430 M-’z
410 1403 444 1430 et
461 1399 502 1430 de
520 1400 593 1430 eius
609 1399 709 1431 Klotz
726 1399 788 1442 (ed.
807 1402 841 1442 1)
968 1409 1006 1441 13
1031 1410 1138 1441 purga
1155 1399 1228 1434 [ηις
1255 1401 1396 1440 purgavi
1413 1399 1472 1430 M²

180 2491 242 2514 cm.
261 2491 309 2513 An
324 2490 397 2513 Arr.
1331 2482 1372 2517 24
