1827 2798
181 119 254 157 XI.
277 118 324 156 ix
664 121 720 157 M.
753 121 920 157 TVLLI
952 120 1260 159 CICERONIS

252 1020 275 1056 3

258 2044 276 2070 1

294 231 536 281 probrorum.
598 230 678 268 Hic
707 229 885 280 Ligurius
910 231 1044 277 furere,
1080 233 1154 269 ‘Se
1192 230 1298 269 enim
1337 230 1435 271 scire
1468 245 1624 270 summo

295 296 404 333 illum
427 296 464 333 in
479 295 572 334 odio
594 294 712 333 fuisse
734 295 902 334 Caesari.
954 297 1071 333 Illum
1089 303 1220 334 tamen
1242 309 1322 334 non
1343 298 1464 336 modo
1485 297 1624 335 favisse

295 362 364 398 sed
386 360 503 398 etiam
526 368 675 398 tantam
703 359 755 397 illi
782 360 990 409 pecuniam
1012 360 1169 399 dedisse
1190 360 1350 400 honoris
1378 361 1455 400 mei
1482 364 1624 400 causa.⁷

296 426 389 462 Hoc
416 438 489 474 ego
514 426 649 463 dolore
677 433 841 475 accepto
866 425 971 464 volui
1002 425 1099 463 scire
1121 425 1217 475 quid
1245 425 1461 476 scripsisset
1487 428 1538 465 ad
1565 442 1625 464 ce-

294 496 422 536 teros3
461 489 535 539 ipsi
561 489 666 528 enim
698 489 751 527 illi
783 490 915 540 putavi
946 489 1211 540 perniciosum
1243 491 1335 537 fore,
1369 491 1401 529 si
1435 491 1517 529 eius
1547 493 1623 529 hoc
1644 504 1661 536 5

293 562 447 592 tantum
487 556 613 592 scelus
652 554 965 604 percrebruisset.
1025 555 1205 605 Cognovi
1244 555 1421 594 eiusdem
1459 556 1622 606 generis.

294 620 358 657 Ad
381 626 417 657 te
440 618 536 657 misi.
579 621 689 668 Quas
711 619 742 657 si
762 619 918 669 putabis
940 619 994 657 illi
1014 619 1088 670 ipsi
1109 619 1203 658 utile
1223 633 1309 659 esse
1330 620 1452 668 reddi,
1471 622 1623 659 reddes.

294 684 361 722 Nil
392 698 454 722 me
484 685 623 722 laedet.
684 686 787 722 Nam
817 686 926 734 quod
956 685 1171 734 resignatae
1196 693 1297 733 sunt,
1320 686 1449 732 habet,
1473 685 1623 736 opinor,

293 750 376 788 eius
416 749 571 800 signum
612 749 843 799 Pomponia.
905 752 995 788 Hac
1030 750 1093 788 ille
1127 750 1340 788 acerbitate
1377 750 1488 790 initio
1524 751 1627 788 navi-

293 816 460 866 gationis
488 829 578 854 cum
607 829 699 854 usus
726 823 840 861 esset,
862 824 972 853 tanto
997 829 1060 853 me
1087 816 1223 853 dolore
1247 815 1392 854 adfecit
1422 824 1463 854 ut
1490 824 1626 866 postea
1650 830 1686 851 10

294 881 490 927 iacuerim‚
515 895 644 931 neque
671 894 777 919 nunc
802 888 880 918 tam
908 894 979 930 pro
1003 893 1044 918 se
1070 894 1189 930 quam
1211 888 1347 918 contra
1367 894 1430 919 me
1450 881 1626 919 laborare

294 946 446 984 dicitur.

351 1013 411 1049 Ita
442 1011 628 1050 omnibus
663 1012 779 1049 rebus
813 1025 975 1061 urgeorg
1015 1025 1112 1060 quas
1147 1010 1337 1049 sustinere
1370 1010 1431 1048 vix
1465 1024 1626 1060 possum

294 1078 354 1115 vel
376 1078 492 1126 plane
512 1078 621 1114 nullo
642 1078 764 1115 modo
794 1090 965 1126 possum.
1026 1076 1182 1124 Quibus
1207 1075 1247 1113 in
1275 1075 1438 1113 miseriis
1467 1089 1544 1113 una
1569 1084 1626 1112 est

296 1155 366 1192 pro
393 1142 578 1180 omnibus
600 1143 708 1191 quod
730 1142 842 1180 istam
865 1141 1046 1179 miseram
1067 1140 1314 1191 patrimonio,
1336 1142 1490 1178 fortuna
1518 1140 1624 1179 omni
1652 1152 1685 1183 15

296 1206 502 1256 spoliatam
533 1207 763 1256 relinquam.
823 1208 914 1255 Qua
934 1221 973 1244 re
994 1214 1042 1252 te,
1067 1212 1111 1243 ut
1129 1206 1334 1256 polliceriS‚
1359 1206 1490 1244 videre
1511 1208 1626 1256 plane

295 1271 422 1309 velim.
474 1271 607 1309 Alium
630 1271 733 1310 enim
756 1271 818 1309 cui
840 1271 944 1309 illam
962 1273 1239 1310 commendem
1263 1273 1392 1311 habeo
1413 1272 1625 1319 neminem,

295 1336 484 1385 quoniam
521 1336 633 1374 matri
665 1350 824 1386 quoque
859 1338 998 1374 eadem
1034 1336 1205 1375 intellexi
1240 1350 1326 1375 esse
1360 1345 1493 1387 parata
1527 1350 1627 1386 quae

297 1401 402 1439 mihi.
464 1403 542 1440 Sed
569 1401 601 1439 si
629 1415 691 1440 me
724 1415 805 1440 non
837 1403 1025 1448 offendes,
1058 1402 1150 1440 satis
1184 1410 1316 1441 tamen
1348 1403 1494 1441 habeto
1524 1416 1628 1440 com—

295 1467 521 1506 mendatam
544 1474 805 1517 patruumque
826 1467 865 1504 in
887 1481 933 1505 ea
953 1475 1144 1516 quantum
1167 1467 1313 1517 poteris
1335 1467 1522 1517 mitigato.
1650 1477 1688 1498 20

350 1534 464 1570 Haec
484 1533 534 1570 ad
556 1540 593 1570 te
614 1531 678 1570 die
699 1531 819 1570 natali
840 1545 929 1570 meo
946 1531 1091 1581 scripsi.
1137 1534 1230 1581 Quo
1251 1532 1401 1570 utinam
1423 1540 1627 1582 susceptus

294 1611 375 1635 non
396 1611 522 1635 essem
543 1604 610 1635 aut
631 1611 680 1635 ne
700 1597 797 1647 quid
818 1611 864 1635 ex
884 1599 1024 1636 eadem
1043 1605 1165 1636 matre
1186 1605 1324 1648 postea
1344 1605 1481 1636 natum
1502 1606 1603 1636 esset
1620 1601 1626 1635 ἒ

296 1664 412 1701 Plura
431 1662 599 1702 scribere
620 1664 714 1701 fletu
735 1662 955 1713 prohibeor.

338 1854 381 1890 X
605 1857 674 1890 Ser.
694 1858 859 1891 Brundisi
870 1861 919 1891 ‚rii
931 1861 974 1891 K.
995 1860 1086 1892 Febr.
1107 1871 1136 1891 α.
1156 1870 1215 1900 707
1234 1860 1318 1901 (47).

712 1949 889 1981 CICERO
912 1949 1086 1981 ATTICO
1113 1950 1213 1982 SAL.
1649 1959 1685 1990 25

349 2032 414 2070 Ad
436 2044 541 2069 meas
563 2031 804 2071 incredibilis
826 2033 1088 2083 aegritudines
1112 2032 1262 2083 aliquid
1289 2031 1380 2071 novi
1407 2031 1559 2071 accedit
1581 2046 1626 2070 ex

294 2096 339 2135 iis
369 2110 470 2146 quae
500 2098 549 2135 de
581 2098 630 2146 Q.
661 2100 710 2146 Q.
740 2099 790 2136 ad
822 2112 884 2136 me
913 2099 1151 2136 adferuntur.
1212 2099 1253 2135 P.
1277 2097 1485 2136 Terentius
1515 2110 1626 2135 meus

338 2211 357 2230 2
383 2200 496 2239 Illum]
521 2211 596 2231 eum
619 2200 826 2241 lVesenberg:
860 2201 949 2232 hunc
973 2201 1067 2232 Peter
1152 2201 1275 2232 favisse
1296 2200 1372 2231 M²·.
1401 2200 1504 2230 fuisse
1524 2199 1630 2229 ΜῙῙΓ

298 2254 335 2283 15
361 2245 564 2283 patrimonio
591 2245 664 2275 M2:
706 2245 1059 2284 pa'e‘›rtrimtrimonio
1085 2244 1159 2275 M¹:
1201 2250 1295 2285 parte
1323 2244 1536 2275 matrimonio
1565 2243 1625 2273 W:

293 2293 389 2327 patre
408 2289 620 2318 matrimonio
637 2288 809 2319 Schmidt:
834 2294 927 2328 patre
947 2289 1147 2327 patrimonio
1167 2289 1326 2320 Graevius
1417 2289 1455 2318 16
1479 2292 1514 2317 ut
1530 2291 1599 2318 vett.
1618 2298 1624 2316 z

292 2332 382 2370 quod
403 2331 499 2362 Rom.
519 2344 525 2362 ε
550 2343 614 2362 om.
630 2332 671 2362 M
686 2331 757 2372 (sed
769 2333 874 2373 spatio
891 2333 1006 2373 relicto)
1030 2331 1075 2361 W
1191 2343 1234 2363 20
1256 2343 1296 2363 ea
1313 2330 1418 2362 MW:
1442 2341 1516 2361 eam
1536 2330 1621 2361 Crat.

294 2375 326 2413 L,
343 2377 482 2415 (mmg.)
