1827 2798
637 165 749 203 EPP.
781 164 859 202 AD
893 163 1152 203 ATTICVM
1391 162 1487 199 XII.
1510 160 1619 197 xxix

224 273 364 313 consili
395 273 453 312 sit.
515 273 617 312 Mihi
649 287 876 325 persuasum
908 281 966 312 est
995 281 1034 313 et
1065 287 1113 312 eo
1144 271 1266 323 magis
1301 272 1409 322 quod
1443 270 1549 309 idem

224 338 396 377 intellexi
427 337 498 377 tibi
532 338 654 377 videri
688 352 751 377 me
788 339 839 377 ab
874 338 1007 388 Oppio
1045 345 1084 376 et
1118 338 1244 376 Balbo
1278 338 1391 374 valde
1429 334 1546 384 diligi.

224 404 328 442 Cum
349 402 408 440 his
429 402 699 442 communices
724 411 873 452 quanto
902 416 1020 452 opere
1040 410 1078 440 et
1099 416 1176 452 qua
1196 415 1235 439 re
1255 401 1371 439 velim
1392 401 1550 446 hortos;

224 468 294 506 sed
308 466 348 505 id
362 467 414 505 ita
431 481 556 518 posse,
577 467 608 505 si
624 467 852 517 expediatur
865 467 962 505 illud
978 467 1238 505 Faberianum
1254 481 1263 514 3
1293 465 1421 504 sintne
1438 464 1551 514 igitur

186 545 204 578 5
223 540 403 571 auctores
424 532 552 571 futuri.
613 532 652 571 Si
674 546 752 582 qua
772 532 890 571 etiarn
911 533 1058 570 iactura
1074 531 1255 570 facienda
1275 531 1324 568 sit
1343 530 1382 568 in
1405 543 1553 579 reprae-

224 598 432 645 sentando,
447 598 579 647 quoad
592 605 757 648 possunt
770 597 959 636 adducito
974 612 984 645 3
1007 605 1131 635 totum
1146 596 1250 635 enim
1266 595 1361 633 illud
1375 596 1552 644 despera-

223 669 318 700 tum.
362 662 547 712 Denique
564 662 765 712 intelleges
783 662 926 712 ecquid
942 662 1132 700 inclinent
1148 662 1198 699 ad
1214 662 1290 698 hoc
1308 673 1439 698 meum
1461 672 1551 697 con-

222 726 352 765 silium
373 727 652 765 adiuvandum.
701 727 740 765 Si
761 727 857 777 quid
874 727 957 775 erit,
974 740 1158 776 magnum
1176 732 1234 763 est
1253 724 1525 763 adiumentum
1541 737 1551 770 ;

224 791 256 830 si
286 791 427 839 minus,
460 805 710 841 quacumque
740 791 890 830 ratione
920 792 1218 830 contendamus.
1277 790 1353 827 Vel
1382 796 1424 827 tu
1454 789 1551 827 illud
1608 779 1610 783 i

167 876 204 898 10
227 858 464 909 ‘e’y‘ywjpafmss
486 870 604 906 quem
625 857 676 894 ad
697 858 862 895 modum
890 855 1086 906 scripsisti,
1109 857 1169 894 vel
1200 856 1373 904 ἐντάφιον
1400 861 1548 904 putato.

225 923 287 959 De
308 921 375 959 illo
396 920 570 960 Ostiensi
590 921 687 958 nihil
708 928 766 959 est
786 921 1053 971 cogitandum.
1111 920 1150 958 si
1174 921 1251 958 hoc
1272 932 1352 958 non
1372 918 1552 968 adsequi-

224 998 311 1024 mur
331 985 371 1038 (a
392 985 529 1024 Lamia
549 999 630 1024 non
651 993 747 1036 puto
763 984 908 1035 posse),
926 984 1158 1034 Damasippi
1179 983 1461 1034 experiendum
1482 990 1551 1022 est.

264 1130 395 1166 XXX
555 1132 624 1164 Ser.
645 1132 791 1162 Asturae
805 1132 840 1163 vi
852 1132 896 1163 K.
913 1132 996 1172 Apr.
1013 1143 1045 1163 a.
1064 1142 1123 1173 709
1143 1133 1223 1174 (45).

626 1219 798 1251 CICERO
827 1219 1009 1251 ATTICO
1040 1219 1147 1252 SAL.

166 1328 202 1360 15
278 1311 437 1359 Quaero
467 1308 575 1359 quod
598 1309 649 1346 ad
676 1315 714 1346 te
741 1307 919 1355 scribam,
946 1309 1016 1347 sed
1046 1308 1143 1346 nihil
1173 1315 1254 1348 est:
1293 1310 1432 1348 eadem
1459 1308 1552 1349 coti-
1571 1323 1589 1350 1

224 1374 299 1414 die.
358 1375 479 1423 Quod
507 1374 720 1411 Lentulum
751 1372 884 1412 invisis
912 1375 1026 1412 valde
1054 1381 1217 1423 gratum.
1277 1376 1423 1413 Pueros
1453 1375 1554 1413 attri-

227 1441 303 1480 bue
324 1441 358 1480 ei
379 1450 476 1492 quot
503 1450 541 1482 et
565 1456 665 1493 quos
686 1442 892 1481 videbitur.
952 1443 1014 1480 De
1041 1441 1109 1480 Sili
1133 1443 1334 1480 voluntate
1354 1441 1554 1481 vendendi

225 1514 264 1545 et
292 1508 342 1545 de
372 1521 430 1555 eo,
454 1508 601 1557 quanti,
625 1515 666 1546 tu
690 1506 812 1546 vereri
832 1506 973 1545 videris
998 1506 1166 1556 primum
1197 1520 1247 1544 ne
1276 1506 1383 1553 nolit,
1407 1506 1552 1545 deinde

226 1585 275 1610 ne
304 1572 412 1610 tanti.
472 1572 584 1611 Sicca
612 1572 745 1619 aliter3
780 1572 850 1609 sed
880 1571 951 1609 tibi
980 1571 1189 1609 adsentior.
1250 1573 1340 1620 Qua
1369 1585 1420 1620 re,
1447 1579 1489 1609 ut
1516 1571 1551 1610 ei

166 1657 205 1679 20
224 1637 383 1687 placuit,
404 1637 538 1687 scripsi
568 1638 619 1676 ad
649 1636 872 1687 Egnatium.
932 1637 1052 1684 Quod
1074 1635 1189 1674 Silius
1219 1643 1257 1674 te
1286 1650 1376 1674 cum
1407 1637 1551 1675 Clodio

223 1701 331 1751 loqui
365 1704 459 1750 vult,
488 1710 600 1752 potes
634 1703 674 1740 id
707 1715 794 1739 mea
825 1703 1025 1739 voluntate
1063 1702 1189 1739 facere
1223 1701 1552 1750 commodiusque

223 1773 280 1804 est
301 1779 420 1816 quarn
447 1767 556 1816 quod
576 1766 640 1805 ille
667 1780 689 1804 a
718 1780 781 1804 me
808 1765 916 1815 petit,
939 1779 1002 1803 me
1028 1764 1157 1814 ipsum
1187 1765 1355 1804 scribere
1383 1766 1435 1804 ad
1465 1767 1553 1805 Clo-

223 1830 344 1869 dium.
423 1833 485 1869 De
524 1818 730 1881 mancipiis
771 1830 1022 1870 Castricianis
1062 1830 1429 1868 commodissimum
1468 1844 1595 1871 esse2

224 1897 343 1934 credo
381 1895 591 1945 transigere
631 1895 856 1946 Egnatium,
892 1896 1001 1945 quod
1039 1895 1175 1933 scribis
1214 1902 1252 1933 te
1290 1895 1343 1933 ita
1380 1897 1553 1933 futurum

166 1975 203 2006 ²5
224 1967 371 2009 putare.
431 1961 533 1999 Cum
555 1959 668 2007 Ovia‚
688 1973 849 2009 quaeso,
868 1959 959 1998 vide
979 1968 1021 1998 ut
1041 1959 1279 1998 conficiatur.
1340 1960 1552 2008 Quoniam,

224 2031 267 2062 ut
288 2024 434 2071 scribis,
457 2038 535 2063 nox
555 2032 646 2073 erat,
669 2025 709 2062 in
730 2024 921 2063 hodierna
941 2025 1107 2075 epistula
1127 2026 1238 2074 plura
1257 2032 1451 2075 exspecto.

269 2137 288 2166 3
305 2138 378 2157 cum
392 2127 621 2158 communices
635 2129 683 2158 vel
691 2128 789 2158 velim
808 2128 857 2158 vel
869 2129 974 2158 simile
987 2127 1068 2167 quid
1080 2127 1270 2158 addendum
1287 2138 1352 2159 csse
1369 2131 1442 2159 recle
1454 2132 1554 2159 censet

226 2170 348 2200 i'llz‘iller
466 2182 485 2209 4
509 2171 622 2201 sintne
650 2167 744 2202 CZb:
777 2172 829 2201 sin
858 2171 917 2202 M:
956 2172 1025 2202 sint
1058 2171 1088 2201 O
1212 2173 1233 2201 6
1266 2172 1398 2211 possint
1429 2171 1551 2202 adduci

226 2214 356 2244 Ernesti
381 2217 418 2243 ut
443 2214 482 2243 ab
507 2215 734 2246 communices
753 2213 918 2255 pendeant
1047 2225 1067 2253 9
1091 2214 1143 2244 sin
1164 2214 1265 2246 Orelli
1397 2224 1435 2254 15
1460 2215 1550 2254 quod

230 2257 439 2296 Wesenberg:
463 2258 544 2296 quid
573 2257 661 2291 codd.
795 2259 834 2289 18
858 2258 900 2289 de
921 2268 961 2289 eo
977 2257 1035 2290 del.
1055 2257 1187 2289 Ernesti
1315 2267 1357 2298 25
1380 2259 1460 2290 vide
1476 2269 1505 2291 v.
1525 2269 1550 2290 c.

224 2295 268 2330 21,
284 2313 290 2332 :
315 2301 449 2341 quidem
467 2300 510 2332 M
