1827 2798
158 124 268 163 XIV.
291 124 337 161 ix
683 123 739 160 M.
771 122 941 160 TVLLI
972 121 1280 175 CICERQNIS

309 234 529 273 consiliario
569 232 730 282 quidem
770 239 808 270 et
846 239 1007 270 auctore
1033 231 1228 279 Vestorio,
1261 239 1303 270 ut
1337 232 1414 269 hoc
1451 232 1641 270 damnum

309 307 591 349 quaestuosum
621 297 680 335 sit.

265 378 289 404 2
365 363 445 401 Hic
471 363 586 400 turba
612 375 754 412 magna
775 370 832 400 est
853 362 1017 412 eritque,
1038 370 1079 400 ut
1100 362 1234 410 audio,
1254 361 1387 400 maior.
1448 362 1544 400 Duo
1562 361 1643 411 qui-

308 430 399 466 dem
430 427 542 477 quasi
572 426 766 477 designati
796 429 990 465 consules.
1051 428 1086 466 O
1119 429 1158 466 di
1186 427 1306 466 boni!
1335 426 1427 465 vivit
1456 427 1642 476 tyrannis,

308 501 495 542 tyrannus
541 491 711 530 occidit!
770 491 866 530 Eius
906 491 1099 530 interfecti
1140 500 1266 530 morte
1304 493 1494 530 laetamur
1531 491 1679 533 cuius5

307 560 407 596 sacta
442 558 716 596 defendimus!
777 559 918 607 Itaque
957 571 1077 607 quam
1117 571 1249 596 severe
1280 571 1353 596 nos
1390 558 1445 595 M.
1484 557 1642 596 Curtius

305 631 463 662 accusat
485 631 527 661 ut
548 622 695 673 pudeat
716 622 854 670 vivere,
879 635 1009 672 neque
1030 622 1180 660 iniuria.
1242 624 1346 660 Nam
1368 622 1467 660 mori
1489 622 1642 661 miliens

306 688 496 738 praestitit
536 701 655 738 quam
696 689 793 726 haec
842 687 922 737 pati
963 701 1065 738 quae
1105 687 1202 725 mihi
1241 687 1423 726 videntur
1461 687 1642 726 habitura

307 754 424 792 etiam
456 761 703 792 vetustatem.

263 827 286 863 3
361 821 411 857 Et
440 819 587 857 Balbus
612 818 676 857 hic
703 826 762 857 est
792 819 1041 869 multumque
1065 831 1232 857 mecum.
1291 820 1357 857 Ad
1384 832 1503 868 quern
1524 832 1547 856 a
1566 820 1641 856 Ve-
1665 831 1703 854 10

306 894 386 923 tere
416 884 567 923 litterae
597 886 712 924 datae
744 884 871 934 pridie
896 886 984 922 Kal.
1015 886 1168 922 Ianuar.
1201 898 1291 922 cum
1321 898 1344 922 a
1373 897 1414 922 se
1445 883 1640 923 Caecilius

305 950 657 988 circumsederetur
696 957 733 988 et
772 949 849 988 iam
891 957 1097 997 teneretur,
1139 949 1293 988 venisse
1331 963 1422 987 cum
1461 948 1640 986 maximis

307 1015 429 1066 copiis
452 1017 645 1054 Pacorum
678 1016 891 1063 Parthum3
922 1015 973 1053 ita
995 1014 1069 1052 sibi
1091 1028 1176 1053 esse
1197 1028 1287 1053 eum
1308 1022 1487 1064 ereptum
1508 1013 1639 1051 multis

306 1081 384 1119 suis
418 1080 582 1119 amissis.
658 1082 706 1118 In
746 1094 823 1130 qua
862 1094 902 1118 re
940 1088 1099 1118 accusat
1131 1078 1376 1118 Volcacium.
1448 1080 1510 1117 Ita
1543 1078 1639 1116 mihi

306 1146 457 1184 videtur
495 1146 644 1184 bellum
684 1145 779 1183 illud
821 1144 974 1183 instare.
1054 1145 1132 1183 Sed
1181 1144 1389 1183 Dolabella
1427 1151 1465 1182 et
1506 1143 1638 1182 Nicias
1662 1157 1698 1187 15

306 1210 483 1248 viderint.
545 1211 660 1248 Idem
682 1210 831 1248 Balbus
860 1210 1022 1248 meliora
1043 1210 1092 1248 de
1115 1209 1251 1248 Gallia.
1312 1221 1385 1246 XXI
1408 1208 1472 1247 die
1493 1208 1639 1246 litteras

306 1276 477 1314 habebat
510 1277 730 1314 Germanos
752 1275 916 1325 illasque
948 1275 1126 1313 nationes
1158 1289 1197 1313 re
1226 1274 1361 1313 audita
1390 1275 1441 1312 de
1471 1275 1638 1313 Caesare

305 1342 452 1390 legatos
483 1340 636 1379 misisse
664 1342 714 1378 ad
743 1340 948 1378 Aurelium
974 1340 1042 1390 qui
1069 1349 1126 1378 est
1154 1340 1397 1390 praepositus
1418 1340 1469 1378 ab
1493 1339 1635 1386 Hirtio,

304 1420 344 1444 se
379 1407 487 1456 quod
522 1406 756 1456 imperatum
799 1414 900 1444 esset
935 1420 1020 1444 esse
1055 1407 1235 1444 facturos.
1308 1405 1416 1454 Quid
1455 1405 1639 1455 quaeris?
1688 1412 1690 1415 '

304 1471 438 1509 omnia
457 1473 574 1521 plena
594 1471 712 1521 pacis,
735 1471 845 1510 aliter
864 1485 912 1509 ac
932 1470 1027 1509 mihi
1050 1472 1224 1511 Calvena
1243 1470 1403 1510 dixerat.
1662 1488 1700 1509 20

346 1577 389 1612 Χ
592 1580 662 1612 ΞΝ.
683 1581 716 1611 in
736 1580 891 1612 Cumano
906 1581 967 1612 xiii
981 1579 1024 1612 K.
1045 1580 1126 1612 Mai.
1151 1591 1180 1612 α.
1204 1590 1260 1620 710
1281 1580 1366 1622 (44).

713 1656 883 1689 CICERO
914 1656 1095 1688 ATTICO
1125 1657 1230 1688 SAL.

269 1739 285 1766 1
362 1732 473 1769 Itane
508 1732 629 1768 vero?
672 1724 749 1768 hoc
786 1744 896 1769 meus
930 1738 968 1768 et
1004 1738 1093 1768 tuus
1127 1731 1271 1768 Brutus
1303 1730 1380 1780 egit
1414 1738 1456 1769 ut
1486 1730 1640 1768 Lanuvi

306 1804 423 1843 esset,
446 1804 488 1833 ut
508 1795 733 1834 Trebonius
764 1795 968 1833 itineribus
997 1795 1119 1833 deviis
1150 1795 1461 1845 proficisceretur
1487 1794 1526 1832 in
1554 1808 1639 1845 pro—

306 1861 486 1908 vinciam,
515 1867 557 1898 ut
589 1860 722 1898 omnia
755 1862 870 1907 facta,
901 1860 1057 1910 scripta,
1086 1859 1202 1907 dicta,
1235 1859 1436 1909 promissa,
1469 1859 1638 1909 cogitata
1659 1877 1697 1907 25

307 1925 484 1965 Caesaris
511 1927 598 1975 plus
625 1926 798 1963 valerent
827 1939 945 1975 quam
972 1925 1002 1963 si
1030 1925 1113 1975 ipse
1142 1924 1317 1963 viveret?
1366 1924 1638 1963 Meministine

306 2005 363 2028 me
381 1993 550 2029 clamare
574 1990 640 2028 illo
665 1991 751 2041 ipso
774 1991 901 2041 primo
919 1990 1146 2041 Capitolino
1167 1990 1230 2028 die
1250 1991 1377 2028 debere
1396 1998 1576 2028 senatum
1598 1990 1638 2029 in

308 2055 548 2106 Capitolium
568 2070 591 2094 a
612 2056 856 2106 praetoribus
878 2056 1008 2095 vocari
1025 2059 1041 2094 ?
1090 2055 1141 2094 Di
1162 2055 1413 2102 immortales,
1433 2069 1534 2105 quae
1554 2063 1639 2094 tum

308 2135 426 2171 opera
450 2121 549 2160 effici
576 2129 789 2172 potuerunt
815 2121 1052 2160 laetantibus
1079 2121 1265 2160 omnibus
1292 2120 1422 2168 bonis,
1441 2120 1559 2159 etiam
1581 2129 1639 2159 sat

310 2186 433 2233 bonis,
460 2187 589 2225 fractis
617 2187 857 2225 latronibus!
898 2185 1093 2225 Liberalia
1118 2194 1160 2225 tu
1186 2199 1359 2224 accusas.
1421 2185 1529 2234 Quid
1556 2186 1637 2224 fieri
1660 2201 1700 2231 30

353 2301 371 2326 5
398 2291 566 2322 interfecti
583 2290 640 2323 del.
660 2290 745 2322 Boot
857 2302 896 2322 10
914 2291 1045 2333 Etfort.
1062 2291 1234 2322 delendum
1341 2301 1354 2321 1
1366 2302 1377 2321 1
1405 2291 1573 2321 Caecilius
1592 2291 1638 2321 C:

309 2334 440 2363 catilius
457 2334 497 2364 M
637 2343 677 2373 27
704 2345 756 2365 me
774 2334 850 2365 add.
869 2334 990 2365 Lamb.
1137 2335 1263 2366 debere
1287 2334 1361 2366 add.
1380 2338 1457 2374 post
1473 2335 1525 2365 die
1544 2334 1634 2373 Reid,

308 2381 382 2407 aule
400 2377 440 2408 Di
460 2376 600 2408 Mit'ller:
627 2384 787 2418 oportere
804 2382 879 2408 ante
895 2378 1009 2409 vocari
1027 2377 1101 2410 add.
1122 2378 1246 2409 Sclzatz
1262 2379 1328 2409 coll.
1345 2389 1401 2410 xv.
1421 2388 1469 2408 11.
1488 2389 1507 2408 2
