1827 2798
171 139 319 178 XIV.i
667 139 724 176 M.
755 137 925 175 TVLLI
956 137 1263 176 CICERONIS

300 265 391 290 eum
413 250 573 289 fuissem
603 256 952 299 exspectaremque
980 250 1123 287 sedens
1144 249 1276 299 quoad
1296 262 1464 296 vocarer,
1488 248 1630 288 dixisse

298 329 400 361 eum,
433 317 541 364 ‘Ego
571 313 751 352 dubitem
786 313 883 363 quin
919 327 1076 351 summo
1108 314 1147 351 in
1182 313 1275 352 odio
1307 313 1379 351 sim
1414 327 1535 364 quom
1571 316 1627 352 M.

242 386 246 390 '
301 380 442 419 Cicero
483 380 618 417 sedeat
657 392 732 416 nee
772 392 844 416 suo
879 380 1094 416 commodo
1129 392 1193 417 me
1228 378 1438 417 convenire
1475 379 1631 429 possit?

300 444 423 494 Atqui
451 444 482 481 si
510 443 721 493 quisquam
743 451 801 482 est
822 443 957 491 facilis,
981 443 1045 481 hic
1073 451 1141 482 est.
1200 445 1355 481 Tamen
1379 457 1460 482 non
1490 444 1630 482 dubito

299 509 394 559 quin
419 523 480 547 me
502 510 603 547 male
634 508 784 547 oderit.'
844 510 958 547 Haec
979 516 1017 547 et
1038 508 1121 546 eius
1149 507 1259 546 modi
1284 510 1417 546 multa.
1477 509 1555 546 Sed
1579 510 1630 547 ad

298 573 555 625 propositum.
616 572 819 623 Quicquid
845 573 915 611 erit
941 586 1022 611 non
1050 574 1172 611 modo
1199 586 1386 622 magnum
1413 574 1483 612 sed
1513 572 1629 612 etiam

299 652 463 689 parvum
484 638 641 677 scribes.
702 637 901 688 Equidem
922 638 1019 676 nihil
1040 637 1305 676 intermittam.

343 787 392 822 II
523 789 595 820 Ser.
615 790 649 820 in
666 789 855 820 suburbano
872 788 963 819 Mati
976 789 1011 820 vi
1023 788 1073 820 Id.
1093 789 1180 829 Apr.
1197 799 1229 820 a.
1249 797 1307 828 710
1325 789 1411 830 (44).

707 877 884 908 CICERO
916 877 1090 909 ATTICO
1124 877 1223 909 SAL.

265 984 280 1010 1
358 968 466 1005 Duas
500 980 523 1005 a
557 974 595 1005 te
629 965 765 1016 accepi
799 965 984 1016 epistulas
1018 966 1112 1004 heri.
1186 968 1245 1004 Ex
1278 964 1405 1016 priore
1436 966 1631 1004 theatrum

302 1033 596 1083 Publiliumque
631 1031 809 1082 cognovi,
846 1032 952 1070 bona
990 1031 1100 1082 signa
1138 1030 1422 1070 consentientis
1461 1031 1633 1069 multitu-

301 1098 415 1137 dinis.
476 1099 642 1136 Plausus
672 1111 763 1136 vero
794 1098 838 1134 L.
876 1096 1015 1136 Cassio
1045 1098 1160 1134 datus
1199 1096 1317 1135 etiam
1347 1098 1496 1135 facetus
1535 1097 1631 1135 mihi

258 1174 283 1201 2
302 1163 463 1213 quidem
484 1163 588 1201 visus
609 1170 679 1201 est.
736 1163 871 1200 Altera
891 1161 1057 1211 epistula
1082 1163 1133 1200 de
1161 1163 1328 1200 Madaro
1350 1161 1502 1212 scripta,
1525 1164 1631 1212 apud

302 1242 421 1278 quem
453 1230 606 1266 nullum
638 1229 885 1277 Τφαλάκωμα,
922 1234 963 1264 ut
995 1234 1119 1276 putas.
1179 1226 1373 1265 Processit
1407 1227 1523 1274 enim,
1562 1229 1631 1266 sed

257 1304 282 1341 3
304 1293 432 1331 minus
453 1292 611 1331 diutius.
670 1294 860 1331 Sermone
880 1291 988 1335 eius†
1010 1305 1096 1329 sum
1118 1299 1300 1329 retentus.
1357 1293 1478 1340 Quod
1498 1300 1630 1331 autem

301 1359 352 1396 ad
374 1366 411 1396 te
433 1357 663 1407 scripseram
684 1358 850 1396 obscure
871 1358 1043 1403 fortasse,
1067 1356 1106 1394 id
1127 1356 1210 1394 eius
1231 1356 1340 1395 modi
1361 1365 1429 1395 est.
1487 1357 1632 1396 Aiebat

303 1424 513 1463 Caesarem
544 1437 690 1470 secum,
722 1436 802 1472 quo
832 1430 1008 1472 tempore
1037 1421 1137 1460 Sesti
1167 1430 1303 1471 rogatu
1328 1422 1417 1460 veni
1446 1424 1497 1461 ad
1527 1437 1629 1470 eum,

303 1502 393 1526 cum
434 1496 700 1537 exspectarem
740 1490 893 1535 sedens,
934 1487 1088 1535 dixisse,
1132 1490 1243 1538 ‘Ego
1288 1503 1395 1527 nunc
1438 1497 1518 1528 tam
1557 1490 1629 1528 sim

303 1555 444 1591 stultus
471 1561 513 1591 ut
543 1554 649 1591 hunc
676 1553 804 1603 ipsum
835 1553 989 1591 facilem
1021 1552 1222 1592 hominem
1251 1561 1386 1604 putem
1419 1555 1515 1592 mihi
1546 1569 1631 1594 esse

301 1619 474 1657 amicum
514 1632 635 1668 quom
675 1626 754 1657 tam
797 1619 865 1657 diu
904 1620 1046 1657 sedens
1085 1632 1218 1657 meum
1265 1622 1522 1658 commodum
1571 1634 1630 1659 ex-
1653 1633 1666 1655 2

301 1692 451 1734 spectet
465 1685 501 1722 ?⁷
551 1684 689 1722 Habes
711 1684 825 1734 igitur
845 1686 1080 1735 φαλάκρωμα
1099 1684 1414 1724 inimicissimum
1431 1686 1495 1733 oti,
1514 1686 1555 1726 id
1573 1695 1631 1725 est

303 1748 425 1786 Bruti.

255 1824 282 1861 4
359 1814 406 1850 In
429 1814 699 1850 Tusculanum
730 1812 860 1860 hodie,
886 1812 1036 1851 Lanuvi
1068 1826 1162 1859 cras,
1185 1812 1278 1851 inde
1302 1816 1470 1852 Asturae
1490 1814 1632 1864 cogita-

301 1879 404 1916 bam.
465 1877 585 1916 Piliae
615 1886 793 1927 paratum
826 1886 883 1916 est
914 1878 1140 1928 hospitium,
1170 1879 1240 1916 sed
1273 1881 1413 1917 vellem
1444 1879 1628 1917 Atticam.

301 1944 448 1981 Verum
471 1943 541 1981 tibi
562 1943 735 1993 ignosco.
796 1945 972 1992 Quarum
995 1943 1148 1993 utrique
1169 1945 1344 1982 salutem.

346 2057 366 2077 2
390 2046 509 2087 quom]
538 2057 612 2076 cum
643 2046 723 2078 M2:
748 2048 837 2086 quod
865 2048 914 2078 vel
938 2058 1003 2086 que
1032 2046 1083 2077 M¹
1250 2058 1287 2086 14
1312 2047 1508 2087 φαλάκρωμα
1531 2047 1629 2080 V1‘ct.:

302 2090 530 2126 σαλακώνισμα
560 2090 763 2121 Gronovius:
802 2091 1002 2129 λακωνισμόν
1029 2090 1130 2120 Reid:
1170 2090 1314 2129 μαλακὸ”
1339 2092 1428 2129 κῶμα
1452 2091 1535 2121 Boot
1560 2092 1627 2123 coll.

303 2135 407 2165 Hom.
425 2134 462 2165 Il.
489 2134 555 2165 xiv.
578 2144 653 2173 359,
675 2133 736 2165 Od.
755 2135 844 2165 xviii.
872 2145 931 2164 201
1041 2134 1212 2166 Processit
1236 2134 1323 2165 codd.
1350 2135 1450 2166 Reid:
1477 2135 1630 2166 Processi

304 2177 397 2208 Man.
525 2187 560 2216 15
586 2179 705 2208 minus.
757 2178 891 2209 Diutius
916 2188 1075 2208 sermone
1102 2178 1222 2219 [enim]
1258 2178 1375 2210 Orelli:
1416 2179 1527 2209 minus
1554 2179 1631 2209 diu:

303 2221 374 2250 eius
392 2231 549 2252 sermone
566 2222 655 2251 euim
674 2221 769 2253 Man.
791 2234 797 2252 :
821 2222 935 2252 minui.
984 2222 1120 2252 Diutius
1137 2231 1295 2253 sermone
1313 2222 1402 2253 enim
1420 2221 1506 2253 Reid
1595 2225 1633 2253 16

302 2264 444 2295 obscure
464 2265 510 2295 C:
534 2265 677 2296 obsecro
695 2264 736 2295 M
857 2275 893 2304 17
920 2271 1038 2305 rogatu
1056 2269 1127 2297 vett.
1144 2277 1151 2296 z
1175 2275 1257 2305 roga
1274 2264 1327 2295 M*

1654 979 1692 1001 10

1654 1305 1688 1335 15

1653 1959 1691 1990 ²5
