1827 2798
197 92 284 130 XV.
303 92 381 129 xix
685 94 741 130 Μ.
774 92 942 129 TVLLI
975 91 1282 130 CICERONIS

318 206 493 242 Brutus?
552 204 680 241 Doleo
707 216 770 241 me
793 203 971 241 hercules
1001 209 1039 241 te
1068 210 1148 240 tam
1178 216 1262 241 esse
1292 202 1518 251 distentum,
1541 203 1651 254 quod

317 271 455 308 decem
496 267 723 306 hominibus
766 269 1013 305 referendum
1059 274 1117 305 est
1155 275 1372 318 acceptum.
1444 270 1514 307 Est
1553 268 1649 306 illud

317 333 476 383 quidem
500 333 651 385 ἐργῶδες
671 334 740 370 sed
762 334 911 371 ἀνεκτὸν
932 332 1107 381 mihique
1127 332 1399 382 gratissimum.
1451 335 1513 372 De
1533 332 1649 371 armis

316 397 413 435 nihil
452 397 531 436 vidi
570 397 750 447 apertius.
813 396 1024 446 Fugiamus
1071 396 1186 446 igitur
1225 404 1273 444 et,
1315 405 1357 435 ut
1396 396 1462 444 ais,
1504 411 1646 436 coram.

316 463 584 512 Theophanes
618 462 715 512 quid
749 461 841 500 velit
880 462 1023 500 nescio.
1089 461 1302 511 Scripserat
1340 461 1445 500 enim
1484 463 1534 500 ad
1574 476 1646 501 me.
1671 475 1689 507 5

316 526 392 566 Cui
413 526 591 577 rescripsi
613 534 654 565 ut
674 526 796 577 potui.
858 525 960 564 Mihi
983 534 1116 564 autem
1147 526 1279 564 scribit
1300 526 1430 564 venire
1450 528 1501 565 ad
1526 541 1588 565 me
1609 541 1650 566 se

314 593 414 630 velle
444 599 486 630 ut
516 600 553 630 et
581 593 631 630 de
659 591 737 629 suis
768 592 883 630 rebus
911 598 949 629 et
970 592 1165 640 quaedam
1191 604 1292 640 quae
1319 593 1369 629 ad
1397 605 1460 630 me
1486 591 1651 642 pertine-

315 665 412 695 rent.
462 659 568 694 Tuas
590 656 734 695 litteras
756 664 951 707 exspecto.
998 656 1111 703 Vide,
1136 669 1294 706 quaeso,
1318 670 1367 694 ne
1389 656 1484 706 quid
1505 664 1649 695 temere

316 723 393 759 fiat.

272 797 296 824 2
370 786 514 825 Statius
536 786 687 837 scripsit
708 788 758 825 ad
786 800 848 825 me
875 788 1052 824 locutum
1077 799 1211 824 secum
1236 799 1320 824 esse
1343 787 1391 834 Q.
1416 786 1650 825 Ciceronem
1675 803 1712 824 10

314 853 428 890 valde
459 853 734 890 adseveranter
765 865 806 890 se
838 853 935 890 haec
967 853 1064 890 ferre
1098 865 1179 889 non
1211 865 1350 901 posse,
1394 860 1544 890 certum
1576 851 1651 890 sibi

314 930 399 955 esse
419 918 470 955 ad
493 919 658 954 Brutum
679 924 717 955 et
739 916 918 956 Cassium
948 916 1120 955 transire.
1182 918 1274 955 Hoc
1303 916 1407 954 enirn
1429 930 1520 955 vero
1544 930 1650 955 nunc

315 982 464 1020 discere
503 996 610 1028 aveo,
649 983 725 1020 hoc
764 996 836 1031 ego
857 982 952 1031 quid
992 981 1040 1019 sit
1079 981 1321 1031 interpretari
1360 996 1440 1020 non
1474 995 1646 1032 possum.

315 1048 450 1085 Potest
483 1047 633 1097 aliquid
664 1046 783 1084 iratus
815 1046 1002 1092 Antonio,
1035 1054 1166 1096 potest
1196 1047 1359 1097 gloriam
1394 1047 1470 1085 iarn
1505 1060 1649 1085 novam

314 1125 510 1161 quaerere,
533 1119 662 1161 potest
690 1119 816 1150 toturn
846 1125 931 1149 esse
958 1112 1171 1163 σχεδίασμα
1185 1127 1195 1160 3
1225 1120 1263 1150 et
1289 1112 1474 1150 nimirum
1502 1112 1554 1150 ita
1578 1120 1646 1150 est.
1673 1127 1710 1158 15

315 1178 394 1215 Sed
427 1184 560 1215 tamen
595 1184 632 1215 et
667 1190 739 1226 ego
773 1190 908 1215 vereor
941 1184 979 1215 et
1014 1185 1123 1227 pater
1161 1178 1417 1216 conturbatus
1453 1185 1534 1224 est;
1578 1177 1650 1215 scit

314 1242 419 1280 enim
442 1255 542 1291 quae
569 1241 632 1280 ille
653 1244 703 1280 de
731 1243 817 1288 hoc,
842 1255 997 1280 mecum
1026 1242 1188 1292 quidem
1216 1244 1342 1291 ἄφατα
1363 1242 1468 1281 olim.
1529 1244 1650 1280 Plane

314 1306 410 1356 quid
431 1306 522 1344 velit
546 1306 690 1344 nescio.
751 1307 787 1343 A
810 1307 1018 1344 Dolabella
1039 1308 1225 1345 mandata
1245 1307 1403 1345 habebo
1431 1320 1531 1356 quae
1553 1307 1649 1344 mihi

314 1372 562 1418 videbuntur,
594 1371 635 1409 id
665 1378 722 1409 est
752 1371 860 1409 nihil.
923 1372 998 1410 Dic
1029 1372 1135 1420 mihi,
1170 1374 1213 1412 C.
1246 1372 1444 1410 Antonius
1474 1372 1649 1410 voluitne

314 1436 396 1475 fieri
416 1435 658 1486 septemvir?
715 1436 804 1474 Fuit
828 1444 932 1477 certe
957 1437 1109 1487 dignus.
1170 1439 1232 1477 De
1254 1438 1498 1476 Menedemo
1525 1444 1583 1476 est
1607 1444 1649 1476 ut
1672 1450 1712 1472 20

314 1501 460 1540 scribis.
522 1500 657 1540 Facies
678 1501 812 1540 omnia
833 1501 929 1539 mihi
950 1510 1053 1540 nota.

357 1687 443 1722 XX
487 1690 558 1723 Scr.
573 1690 607 1722 in
631 1690 816 1723 Tusculano
832 1691 917 1721 inter
929 1702 974 1722 xv
989 1694 1018 1722 et
1032 1692 1070 1722 xi
1082 1692 1126 1723 K.
1145 1691 1256 1731 Quint.
1278 1702 1307 1723 α.
1331 1701 1388 1731 710
1406 1691 1493 1734 (44).

726 1791 897 1822 CICERO
921 1791 954 1821 A
966 1791 1104 1823 TTICO
1125 1791 1232 1823 SAL.

276 1904 296 1933 1
369 1891 442 1942 Egi
461 1891 601 1942 gratias
615 1891 802 1929 Vettieno
818 1906 827 1939 3
858 1891 954 1929 nihil
976 1892 1081 1930 enim
1102 1891 1231 1942 potuit
1252 1891 1473 1929 humanius.
1533 1893 1649 1929 Dola-

313 1957 440 1995 bellae
460 1958 647 1994 mandata
668 1956 745 1994 sint
766 1956 978 2006 quaelibet,
1000 1957 1095 1994 mihi
1115 1956 1275 2006 aliquid,
1298 1958 1359 1994 vel
1380 1958 1488 2006 quod
1510 1956 1649 1994 Niciae
1671 1972 1709 2004 ²5

313 2022 504 2061 nuntiem.
565 2021 665 2070 Quis
704 2021 809 2060 enirn
849 2023 956 2069 haec,
991 2030 1034 2060 ut
1065 2022 1211 2068 scribis,
1246 2023 1473 2062 †anteno†?
1529 2023 1566 2060 N
1572 2035 1649 2060 unc

313 2087 494 2126 dubitare
526 2101 767 2137 quemquam
800 2089 1037 2137 prudentem
1071 2087 1167 2137 quin
1206 2101 1317 2125 meus
1351 2087 1546 2125 discessus
1585 2087 1649 2125 de-

314 2152 545 2203 sperationis
566 2152 625 2199 sit,
649 2166 730 2190 non
750 2152 988 2202 legationis?
1041 2153 1162 2201 Quod
1183 2152 1238 2190 ais
1260 2159 1431 2190 extrema
1451 2152 1648 2202 quaedam

358 2267 377 2295 4
402 2261 436 2287 et
455 2256 513 2287 (sic
533 2255 635 2289 codd.)
655 2261 690 2286 ut
711 2256 769 2287 ais.
798 2256 918 2286 Coram
941 2256 1174 2295 Theophanes
1198 2255 1373 2286 Lehmann
1391 2266 1399 2286 τ
1432 2255 1502 2294 sed,
1527 2259 1562 2285 ut
1583 2255 1644 2293 ais,

314 2309 437 2330 coram.
458 2300 687 2338 Theophanes
710 2298 901 2340 Wesenbmg
1035 2310 1072 2338 14
1098 2300 1164 2330 iam
1185 2299 1252 2330 secl.
1277 2298 1465 2338 Wesenberg
1605 2299 1648 2328 26

314 2343 455 2382 anterio]
476 2348 554 2373 ante
572 2346 653 2373 nos?
682 2343 866 2373 Corradus:
890 2342 1038 2374 λεπτύνει
1057 2344 1245 2385 (velpotius
1255 2342 1424 2384 λεπτυνεῖ)
1440 2341 1623 2373 Gronovius
1639 2353 1648 2373 t

314 2391 391 2417 ante
411 2386 526 2417 Nonas
545 2387 600 2428 (sc.
620 2386 812 2426 credidisset)
832 2385 954 2417 Gurlitt
