1827 2798
209 160 277 197 IX.
297 158 357 195 xii
677 157 731 193 M.
764 153 930 192 TVLLI
962 151 1267 191 CICERONIS

303 268 479 311 vivimus,
504 276 540 305 et
562 274 636 304 stat
658 266 749 303 urbs
771 264 853 310 ista,
877 270 1073 313 praetores
1101 261 1160 299 ius
1181 262 1329 310 dicunt,
1351 261 1498 300 aediles
1518 262 1634 299 ludos

305 342 450 383 parant,
475 331 542 369 viri
566 330 660 369 boni
682 343 817 368 usuras
838 327 1094 378 perscribunt,
1118 341 1192 377 ego
1212 327 1295 377 ipse
1316 328 1436 365 sedeo
1454 329 1460 364 1
1502 327 1634 365 Coner

303 397 393 434 illuc
422 396 475 434 ire
500 403 540 433 ut
567 395 738 439 insanus,
763 393 970 443 implorare
997 393 1116 430 fidem
1140 391 1474 440 municipiorum?
1531 389 1633 428 Boni

304 474 383 499 non
423 468 646 510 sequentur,
681 461 784 497 leves
819 457 1056 503 inridebunt,
1091 470 1218 495 rerum
1258 470 1446 494 novarum
1486 454 1632 504 cupidi,

259 534 285 572 4
303 525 468 563 victores
490 524 715 574 praesertim
738 531 775 561 et
796 521 945 568 armati,
967 521 1045 559 vim
1067 528 1105 559 et
1126 534 1265 559 manus
1286 521 1473 558 adferent.
1525 519 1634 568 Quid

304 604 441 628 censes
473 589 616 639 igitur?
646 588 884 638 ecquidnam
920 594 978 625 est
1008 586 1063 624 tui
1094 585 1232 624 consili
1268 586 1367 624 iadr
1399 584 1487 622 finis
1519 584 1634 622 huius

306 655 544 694 miserrimae
566 655 696 692 vitae?
755 655 873 691 Nunc
901 653 1029 698 doleo,
1054 664 1159 688 nunc
1188 659 1381 700 torqueor,
1406 663 1496 688 cum
1527 649 1635 699 quoi-

304 723 396 759 dam
421 729 487 758 aut
509 719 663 769 sapiens
684 718 819 757 videor
840 718 948 768 quod
969 730 1049 755 una
1068 730 1148 754 non
1169 715 1278 754 ierim
1306 723 1372 753 aut
1392 714 1483 753 felix
1502 714 1632 753 fuisse.

306 785 407 823 Mihi
439 793 584 823 contra.
646 785 877 833 Numquam
907 781 1012 820 enim
1045 781 1146 819 illius
1174 780 1358 819 victoriae
1388 779 1518 818 socius
1549 793 1635 818 esse

304 850 419 897 volui,
443 849 674 888 calamitatis
705 850 861 887 mallem
893 847 1022 886 fuisse.
1083 846 1192 895 Quid
1219 859 1292 895 ego
1323 859 1430 884 nunc
1460 853 1547 883 tuas
1578 844 1635 882 lit-

304 924 415 962 teras,
439 915 534 965 quid
563 923 670 953 tuam
692 913 942 964 prudentiam
963 920 1030 951 aut
1060 911 1376 950 benevolentiam
1398 911 1635 961 implorem?

304 983 450 1019 Actum
471 988 529 1019 est
547 995 553 1024 ;
583 981 689 1017 nulla
716 993 755 1017 re
783 978 859 1017 iarn
881 991 1042 1028 possum
1070 976 1190 1015 iuvari
1211 976 1279 1026 qui
1300 990 1349 1015 ne
1370 977 1479 1026 quod
1500 983 1633 1025 optem

304 1046 465 1095 quidem
506 1045 581 1083 iam
627 1045 755 1083 liabeo
804 1043 877 1082 nisi
921 1051 963 1082 ut
1000 1042 1131 1093 aliqua
1171 1041 1318 1079 inimici
1369 1040 1635 1080 misericordia

304 1111 523 1149 liberemur.

350 1301 466 1336 XIII
591 1303 657 1334 Ser.
679 1303 712 1332 in
730 1302 911 1333 Formiano
927 1302 963 1332 z'x
978 1301 1021 1332 K.
1041 1301 1123 1342 Apr.
1145 1313 1173 1332 a.
1199 1313 1251 1340 γυ]
1269 1301 1356 1341 ‘'4⁹⁸-

724 1408 895 1439 CICERO
917 1407 1098 1439 ATTICO
1121 1409 1224 1438 SAL.

278 1518 294 1545 1
368 1502 445 1538 Οὐκ
476 1498 552 1537 ἔστ’
578 1499 706 1548 ἔτυμος
735 1499 856 1550 λόγος,
888 1505 929 1535 ut
956 1497 1106 1548 opinor,
1139 1498 1202 1536 ille
1232 1500 1282 1536 de
1311 1498 1468 1536 ratibus.
1529 1496 1638 1546 Quid

310 1565 415 1603 enim
437 1573 538 1603 esset
559 1565 668 1614 quod
692 1564 899 1601 Dolabella
926 1563 970 1600 iis
998 1563 1132 1601 litteris
1155 1578 1252 1613 quas
1280 1577 1324 1601 111
1353 1566 1448 1602 Idus
1476 1562 1638 1601 Martias

308 1644 329 1668 a
358 1629 569 1668 Brundisio
603 1629 713 1667 dedit
740 1631 841 1666 hanc
873 1628 983 1678 quasi
1012 1631 1205 1680 εὐημερίαν
1230 1629 1407 1669 Caesaris
1438 1628 1634 1675 scriberet,

310 1694 542 1744 Pompeium
574 1694 611 1731 in
637 1695 727 1742 fuga
754 1707 837 1731 esse
859 1707 1029 1743 eumque
1051 1694 1177 1744 primo
1198 1702 1316 1732 vento
1338 1694 1638 1743 navigaturum?

309 1761 430 1808 Quod
452 1760 565 1796 valde
587 1758 781 1807 discrepat
801 1758 851 1795 ab
873 1758 917 1796 iis
939 1758 1115 1808 epistulis
1137 1773 1301 1808 quarum
1324 1761 1502 1808 exempla
1522 1767 1639 1797 antea

309 1826 359 1863 ad
381 1833 418 1862 te
440 1824 536 1861 misi.
600 1823 678 1861 Hic
700 1822 860 1872 quidem
890 1837 996 1861 mera
1023 1825 1168 1862 scelera
1190 1826 1426 1873 loquuntur3
1457 1825 1526 1862 sed
1557 1837 1638 1862 non

310 1898 390 1928 erat
430 1903 501 1927 nec
541 1888 732 1927 recentior
765 1896 901 1926 auctor
939 1902 1012 1926 nec
1054 1889 1169 1926 huius
1209 1889 1370 1938 quidem
1409 1888 1462 1927 rei
1502 1889 1640 1927 melior

313 1956 530 1993 Dolabella.

268 2028 293 2056 2
364 2022 470 2057 Tuas
501 2032 543 2056 XI
578 2021 626 2057 K.
649 2019 783 2069 accepi
813 2019 957 2057 litteras
985 2020 1128 2069 quibus
1155 2021 1288 2058 omnia
1314 2019 1478 2058 consilia
1506 2019 1638 2058 differs

310 2084 348 2121 in
377 2084 415 2122 id
441 2091 595 2133 tempus
620 2097 710 2121 cum
738 2083 938 2121 scierimus
969 2084 1064 2133 quid
1094 2092 1225 2121 actum
1257 2083 1315 2121 sit.
1375 2085 1425 2121 Et
1455 2090 1559 2121 certe
1586 2083 1639 2121 ita

308 2156 376 2195 est,
411 2162 484 2186 nec
523 2148 678 2186 interim
718 2156 847 2198 potest
883 2148 1096 2198 quicquam
1136 2162 1216 2186 non
1257 2150 1378 2187 modo
1412 2148 1529 2187 statui
1567 2150 1638 2187 sed

350 2264 369 2291 4
394 2257 580 2290 sequentur
597 2251 653 2281 M:
680 2256 932 2290 consequentur
950 2251 977 2282 C
1110 2253 1131 2282 6
1155 2252 1213 2292 ad]
1232 2253 1287 2290 qui
1305 2252 1355 2282 vrl
1368 2263 1454 2291 quae
1465 2251 1636 2283 Sclmu'dl:

307 2306 348 2326 an
377 2296 531 2326 starker:
567 2300 602 2325 ut
629 2297 706 2324 coni.
734 2296 872 2325 Msiller:
908 2297 1005 2325 adest
1032 2295 1118 2326 Reid
1257 2296 1333 2326 finis
1359 2295 1432 2326 M¹:
1468 2296 1568 2325 finem
1592 2295 1641 2325 F!

307 2339 395 2378 vulg.
536 2349 551 2377 7
577 2339 734 2377 quoidam
763 2339 862 2368 Klots
887 2339 960 2377 (sed
979 2339 1007 2368 is
1031 2340 1198 2371 cuidaml:
1234 2339 1369 2378 quidam
1388 2337 1464 2368 M¹:
1498 2339 1634 2377 quidem

305 2381 383 2412 M²:
419 2382 619 2421 quibusdam
651 2381 727 2412 Vt'ct.
890 2392 929 2412 10
954 2383 1090 2412 fuissem
1107 2383 1220 2412 Baiter
1378 2383 1416 2412 18
1440 2388 1530 2412 esset
1554 2382 1631 2412 coni.

311 2426 337 2455 Η
353 2426 519 2464 esenbctgz
544 2430 595 2455 est
614 2424 655 2454 M
788 2435 827 2463 19
851 2426 944 2464 quasi
963 2426 1052 2465 εὐημ.
1073 2427 1245 2466 L<margss¹
1262 2437 1269 2456 z
1294 2426 1380 2464 εὐημ.
1398 2425 1493 2464 quasi
1512 2424 1600 2456 codd.

1658 858 1695 879 10

1662 1314 1696 1343 ¹5

1658 1706 1699 1727 20

1660 2036 1696 2066 ²5
