1827 2798
142 130 238 169 XII.
260 130 371 168 xxxi
635 131 691 168 M.
723 130 891 167 TVLLI
923 128 1230 168 CICERONIS

309 265 464 301 XXXI
588 267 659 299 Scr.
681 267 829 298 Asturae
842 267 882 298 iv.
902 266 947 299 K.
964 267 1048 307 Apr.
1067 277 1098 298 a.
1119 277 1177 307 709
1196 266 1283 308 (45).

673 348 845 381 CICERO
875 348 1057 381 ATTICO
1085 348 1194 381 SAL.

233 448 251 476 1
324 433 461 472 Silium
494 440 667 472 mutasse
697 432 933 471 sententiam
966 432 1079 471 Sicca
1107 432 1330 471 mirabatur.
1401 432 1600 483 Equidem

269 498 392 548 magis
426 498 544 537 miror
575 499 694 548 quod,
727 512 818 536 curn
852 498 892 535 in
924 497 1048 536 filium
1079 511 1239 536 causam
1277 498 1470 536 conferret
1500 512 1601 548 quae

268 564 365 601 mihi
395 577 475 602 non
506 563 650 601 iniusta
678 563 832 601 videtur
857 563 994 614 (habet
1022 562 1129 601 enim
1159 564 1316 612 qualem
1342 562 1454 613 vult),
1479 562 1535 602 ais
1563 571 1601 603 te
1621 575 1637 606 5

268 637 416 679 putare,
438 629 469 667 si
490 627 761 667 addiderimus
787 627 895 666 aliud
915 641 938 666 a
965 641 1045 678 quo
1071 627 1247 677 refugiat,
1270 641 1361 666 cum
1381 628 1432 666 ab
1453 627 1540 678 ipso
1560 628 1601 667 id

224 702 248 729 2
269 694 382 732 fuerit
413 694 664 740 destinatum,
696 693 960 732 venditurum.
1021 692 1187 741 Quaeris
1215 706 1239 731 a
1268 706 1332 732 me
1361 694 1470 743 quod
1500 707 1603 731 sum-

269 774 378 798 mum
410 759 577 810 pretium
610 759 847 798 constituam
879 766 918 797 et
949 766 1141 808 quantum
1167 757 1315 796 anteire
1342 757 1437 797 istos
1466 759 1600 797 hortos

269 824 398 863 Drusi.
457 824 619 863 Accessi
645 838 888 874 numquam3
918 822 1195 873 Coponianam
1215 822 1346 861 villam
1371 830 1409 861 et
1428 830 1599 861 veterem

266 896 303 927 et
330 904 410 928 non
441 904 623 940 magnam
653 889 755 936 novi,
780 889 917 928 silvam
938 888 1126 935 nobilem,
1149 889 1319 926 fructum
1345 895 1478 926 autem
1508 901 1600 926 neu-
1624 902 1660 923 10

267 954 374 1002 trius,
397 956 505 1004 quod
526 963 658 993 tamen
680 962 777 1005 puto
797 968 870 992 nos
891 953 989 992 scire
1009 960 1200 1003 oportere.
1251 953 1329 991 Sed
1351 952 1447 990 mihi
1466 952 1600 991 utrivis

267 1018 430 1057 istorum
451 1027 628 1069 tempore
650 1019 772 1069 magis
793 1033 883 1057 meo
911 1032 1030 1068 quam
1058 1018 1208 1057 ratione
1235 1016 1470 1055 aestimandi
1496 1025 1596 1055 sunt.

268 1084 421 1122 Possim
455 1092 587 1122 autem
619 1083 784 1133 adsequi
823 1097 950 1121 necne
981 1091 1023 1121 tu
1054 1083 1171 1121 velim
1203 1082 1361 1132 cogites,
1422 1081 1462 1120 Si
1494 1081 1599 1120 enim

268 1149 530 1187 Faberianum
560 1150 787 1196 venderem,
814 1148 1007 1198 explicare
1036 1149 1097 1186 vel
1125 1146 1484 1197 repraesentatione
1517 1160 1599 1185 non

267 1213 489 1252 dubitarem
524 1215 575 1253 de
606 1213 770 1260 Silianis,
803 1213 835 1251 si
874 1214 995 1251 modo
1025 1214 1287 1251 adduceretur
1324 1219 1367 1250 ut
1398 1212 1595 1250 venderet.
1622 1226 1658 1257 15

268 1278 308 1317 Si
346 1279 493 1317 venalis
531 1293 613 1318 non
652 1280 824 1325 haberet,
861 1277 1064 1316 transirem
1106 1278 1158 1316 ad
1194 1279 1368 1315 Drusum
1401 1278 1463 1315 vel
1501 1277 1599 1315 tanti

267 1344 404 1393 quanti
432 1344 623 1393 Egnatius
647 1343 757 1381 illum
777 1345 876 1381 velle
901 1342 971 1381 tibi
998 1342 1105 1381 dixit.
1166 1344 1316 1392 Magno
1346 1341 1464 1380 etiam
1492 1342 1600 1381 adiu-

267 1417 402 1447 mento
436 1408 550 1447 nobis
587 1410 861 1457 Hermogenes
900 1415 1029 1458 potest
1062 1420 1147 1445 esse
1182 1406 1222 1444 in
1255 1408 1597 1456 repraesentando.

266 1475 320 1511 At
341 1481 381 1511 tu
403 1474 579 1512 concede
600 1473 706 1520 mihi,
731 1486 889 1523 quaeso,
913 1480 954 1511 ut
978 1486 1026 1510 eo
1046 1471 1180 1510 animo
1205 1471 1278 1510 sim
1303 1485 1384 1522 quo
1404 1471 1435 1510 is
1456 1472 1601 1510 debeat

266 1551 351 1577 esse
390 1538 457 1588 qui
496 1552 626 1577 emere
660 1538 803 1588 cupiat,
838 1546 876 1576 et
907 1545 1041 1576 tamen
1072 1537 1126 1576 ita
1156 1536 1282 1576 servio
1321 1536 1528 1588 cupiditati
1561 1545 1600 1576 et
1621 1550 1659 1573 20

267 1603 394 1642 dolori
424 1616 515 1642 meo
545 1611 587 1642 ut
615 1617 638 1642 a
668 1611 706 1642 te
736 1602 816 1653 regi
846 1602 974 1641 velim.

310 1748 490 1784 XXXII
595 1751 664 1783 Scr.
682 1752 830 1783 Asturae
845 1763 864 1782 v
879 1751 924 1783 K.
941 1751 974 1781 A
975 1755 1025 1791 pr.
1046 1762 1076 1783 a.
1099 1761 1158 1792 709
1179 1751 1260 1792 (45).

668 1840 841 1872 CICERO
871 1839 1053 1871 ATTICO
1083 1839 1192 1872 SAL.

230 1945 248 1973 1
322 1929 512 1981 Egnatius
543 1928 641 1967 mihi
672 1928 834 1979 scripsit.
909 1930 948 1967 Is
982 1928 1014 1966 si
1045 1928 1142 1978 quid
1176 1935 1308 1967 tecum
1341 1929 1497 1968 locutus
1528 1928 1598 1968 erit

114 1987 212 2040 (ἶῖΧΧῙ
268 1993 607 2042 (commodissime
627 1993 733 2033 enim
760 2007 829 2043 per
855 2007 945 2032 eum
972 1993 1034 2043 agi
1060 1993 1207 2043 potest)
1226 1994 1277 2031 ad
1298 2006 1361 2031 me
1382 1993 1541 2042 scribes,
1561 2002 1599 2032 et
1620 2009 1657 2042 25

113 2040 149 2071 3)
267 2061 308 2099 id
327 2061 525 2110 agendum
546 2066 654 2109 puto.
719 2060 824 2097 Nam
837 2072 928 2097 curn
950 2058 1045 2097 Silio
1066 2071 1148 2097 non
1168 2057 1285 2097 video
1306 2058 1449 2097 confici
1470 2072 1596 2109 posse.

268 2125 389 2164 Piliae
413 2133 451 2163 et
471 2124 627 2163 Atticae
647 2125 824 2162 salutem.

309 2230 331 2259 6
354 2229 459 2260 aliudl
495 2229 576 2259 illud
609 2229 658 2259 vel
683 2229 810 2267 aliquid
839 2228 918 2260 coni.
952 2226 1143 2268 lVesenberg
1270 2238 1310 2259 10
1333 2233 1367 2258 et
1392 2227 1467 2258 add.
1502 2226 1595 2257 Man.

266 2273 399 2313 silvam]
427 2273 589 2303 Silianam
618 2271 805 2312 Wesenberg
939 2281 973 2302 11
1000 2271 1120 2302 utrivis
1143 2270 1171 2300 L
1194 2270 1336 2311 (marg.)
1362 2282 1392 2302 v.
1410 2282 1434 2302 c.
1459 2265 1502 2300 Zb
1524 2270 1599 2301 Cor-

268 2317 392 2348 radus:
424 2317 532 2346 utrius
557 2316 599 2345 M
711 2325 748 2354 14
773 2314 942 2355 explicare
959 2315 1013 2347 vel
1031 2315 1346 2355 repraesentatione
1362 2314 1431 2347 secl.
1450 2313 1601 2345 Schmidt

270 2371 309 2401 19
332 2365 365 2391 at
385 2365 416 2390 tu
436 2359 558 2391 Rom:
584 2364 640 2390 aut
656 2357 697 2388 M
