1827 2798
223 138 292 175 XI.
317 138 378 176 vii
698 142 755 179 M.
786 141 956 178 TVLLI
988 141 1294 180 CICERONIS

329 258 459 289 essent
484 252 624 301 palam.
696 251 745 288 Id
776 249 851 288 sibi
882 263 963 288 non
996 251 1149 300 placere
1182 263 1233 288 ne
1267 249 1334 300 qui
1366 257 1498 289 motus
1529 264 1575 289 ex
1609 263 1658 289 eo

329 316 465 353 fierent
483 330 491 362 3
522 314 800 365 prohiberique
821 314 949 352 omnis
972 314 1085 352 Italia
1111 314 1185 352 nisi
1206 328 1372 364 quorum
1394 314 1478 364 ipse
1498 329 1658 353 causam

327 379 599 428 cognovisset3
629 380 759 428 deque
783 393 832 417 eo
859 379 1131 432 vehementius
1155 387 1236 417 erat
1257 379 1456 429 scriptum.
1517 381 1658 428 Itaque

326 444 525 482 Antonius
564 445 722 494 petebat
756 458 778 482 a
813 458 876 482 me
915 458 984 494 per
1022 444 1166 482 litteras
1200 451 1243 482 ut
1277 444 1350 481 sibi
1385 444 1659 493 ignoscerem,-

326 511 452 547 sacere
479 522 520 547 se
548 523 627 547 non
656 523 771 559 posse
793 509 887 558 quin
916 509 961 546 iis
989 508 1125 547 litteris
1145 517 1306 558 pareret.
1367 511 1473 546 Tum
1493 510 1544 547 ad
1566 522 1657 546 eum
1679 523 1695 553 5

326 573 413 611 misi
444 576 487 612 L.
512 573 689 612 Lamiam
711 573 778 624 qui
806 575 1091 612 demonstraret
1116 574 1225 611 illum
1253 575 1484 612 Dolabellae
1514 574 1658 611 dixisse

326 646 367 677 ut
396 640 447 677 ad
479 653 541 677 me
569 639 754 678 scriberet
784 647 826 677 ut
854 639 894 677 in
926 639 1080 677 Italiam
1112 653 1230 688 quam
1260 639 1431 689 primurn
1458 638 1658 686 venirem,

324 704 407 742 eius
429 718 492 743 me
512 704 647 743 litteris
667 705 831 743 venisse.
891 707 996 742 Tum
1018 704 1081 742 ille
1101 704 1221 742 edixit
1241 704 1295 742 ita
1314 712 1356 742 ut
1377 718 1441 742 me
1461 704 1657 754 exciperet

324 777 361 808 et
394 769 570 808 Laelium
602 770 847 809 nominatim.
911 771 1033 819 Quod
1053 783 1147 808 sane
1168 771 1313 808 nollem
1329 784 1340 817 3
1368 777 1520 820 poterat
1550 769 1655 808 enim

324 834 408 873 sine
430 835 590 873 nomine
611 849 670 874 res
691 835 775 886 ipsa
795 836 932 886 excipi.
1677 848 1717 871 10

281 907 305 943 3
379 901 415 939 O
450 901 591 938 multas
626 908 664 938 et
697 900 821 951 gravis
860 900 1124 939 offensiones!
1167 914 1265 950 quas
1304 900 1466 950 quidem
1505 908 1546 938 tu
1586 901 1656 938 das

323 979 483 1015 operam
514 974 555 1003 ut
586 965 719 1013 leniaS,
752 979 824 1004 nec
853 973 986 1004 tamen
1018 966 1112 1004 nihil
1143 965 1310 1016 proficis,
1343 966 1438 1015 quin
1468 967 1545 1004 hoc
1569 965 1655 1015 ipso

326 1030 466 1068 minuis
487 1032 664 1069 dolorem
689 1044 831 1078 meum,
855 1032 963 1081 quod
991 1039 1029 1069 ut
1056 1031 1208 1069 minuas
1234 1039 1312 1069 tam
1334 1032 1449 1069 valde
1476 1032 1654 1077 laboras,

323 1094 442 1145 idque
472 1095 587 1134 velim
619 1110 668 1134 ne
697 1110 854 1146 gravere
881 1110 999 1146 quarn
1027 1096 1255 1146 saepissime
1279 1098 1416 1135 facere.
1479 1096 1653 1134 Maxime

321 1168 453 1199 autem
474 1163 691 1211 adsequere
712 1163 821 1211 quod
835 1162 901 1210 vis,
921 1162 951 1200 si
974 1176 1035 1200 me
1055 1162 1264 1200 adduxeris
1286 1170 1327 1200 ut
1350 1162 1567 1200 existimem
1591 1175 1653 1200 me
1677 1174 1714 1204 15

323 1224 517 1263 bonorum
549 1226 738 1264 iudicium
771 1240 851 1265 non
886 1227 1061 1265 funditus
1094 1227 1320 1277 perdidisse.
1398 1229 1652 1276 Quamquam

321 1290 416 1339 quid
439 1298 478 1328 tu
501 1290 540 1328 in
561 1305 609 1329 eo
630 1293 772 1340 potes?
830 1291 938 1330 Nihil
959 1292 1117 1330 scilicet.
1178 1293 1256 1330 Sed
1281 1292 1312 1330 si
1343 1292 1439 1342 quid
1461 1306 1520 1330 res
1543 1291 1652 1330 dabit

320 1355 390 1392 tibi
412 1356 616 1403 facultatis,
640 1357 680 1395 id
711 1371 774 1395 me
799 1357 967 1396 maxime
994 1358 1188 1396 consolari
1209 1358 1377 1408 poterit,
1407 1359 1516 1408 quod
1547 1372 1652 1396 nunc

319 1419 480 1469 quidem
503 1421 618 1459 video
640 1436 719 1459 non
741 1436 826 1460 esse
847 1424 927 1469 sed,
951 1422 981 1460 si
1003 1423 1109 1472 quid,
1133 1437 1180 1461 ex.
1200 1423 1360 1469 eventis,
1385 1431 1426 1461 ut
1449 1424 1525 1461 hoc
1546 1437 1651 1461 nunc

318 1485 471 1523 accidit.
534 1486 704 1524 Dicebar
734 1487 919 1526 debuisse
949 1502 1040 1526 cum
1072 1488 1265 1538 Pompeio
1296 1488 1502 1538 proficisci.
1565 1489 1651 1526 Exi-
1673 1500 1713 1522 20

319 1557 379 1588 tus
414 1550 515 1588 illius
551 1551 690 1589 minuit
725 1552 808 1590 eius
843 1552 946 1591 offici
987 1553 1246 1603 praetermissi
1290 1553 1648 1603 reprehensionem.

318 1617 395 1654 Sed
424 1630 469 1654 ex
496 1616 682 1655 omnibus
711 1617 805 1655 nihil
832 1617 953 1667 magis
981 1626 1113 1656 tamen
1143 1619 1386 1657 desideratur
1405 1632 1521 1668 qnam
1542 1619 1651 1668 quod

319 1681 357 1717 in
389 1680 562 1719 Africam
595 1695 675 1719 non
708 1682 827 1720 ierim.
889 1683 1045 1721 Iudicio
1081 1685 1157 1722 hoc
1192 1698 1279 1722 sum
1312 1698 1416 1731 usus,
1453 1698 1534 1722 non
1566 1697 1651 1722 esse

320 1746 490 1784 barbaris
524 1746 675 1784 auxiliis
706 1747 977 1786 fallacissimae
1009 1749 1136 1799 gentis
1169 1763 1249 1787 rem
1285 1749 1484 1799 publicam
1519 1750 1652 1787 defen-

318 1812 503 1857 dendam,
527 1811 751 1861 praesertim
774 1821 909 1850 contra
933 1814 1145 1852 exercitum
1168 1828 1284 1864 saepe
1306 1814 1504 1852 victorem.
1556 1815 1650 1852 Non
1673 1823 1710 1855 25

319 1876 486 1926 probant
516 1878 702 1925 fortasse,
734 1880 878 1916 multos
910 1879 1014 1918 enim
1037 1880 1138 1917 viros
1167 1880 1294 1918 bonos
1319 1880 1357 1917 in
1386 1880 1560 1917 Africam
1591 1893 1651 1917 ve-

318 1942 421 1981 nisse
449 1942 569 1980 audio
598 1950 636 1981 et
668 1943 750 1981 scio
782 1944 900 1982 fuisse
930 1953 1056 1983 antea.
1116 1946 1244 1983 Valde
1274 1946 1350 1982 hoc
1379 1947 1468 1983 loco
1499 1958 1647 1994 urgeor.

322 2009 398 2047 Hic
419 2023 578 2059 quoque
595 2023 694 2058 opus
715 2018 772 2048 est
795 2024 898 2056 casu,
918 2016 962 2047 ut
979 2010 1098 2060 aliqui
1120 2010 1195 2048 sint
1217 2024 1263 2049 ex
1283 2010 1338 2048 eis
1358 2018 1438 2048 aut.
1455 2009 1484 2047 si
1507 2016 1647 2059 potest,

317 2088 454 2113 omnes
490 2075 556 2125 qui
597 2077 763 2114 salutem
803 2083 1057 2125 anteponant.
1124 2078 1227 2114 Nam
1263 2075 1293 2113 si
1329 2083 1577 2125 perseverant
1611 2082 1649 2112 et

316 2140 508 2187 obtinent,
531 2140 627 2190 quid
656 2140 770 2178 nobis
798 2142 969 2178 futurum
996 2141 1043 2179 sit
1063 2141 1183 2179 vides.
1245 2141 1374 2187 Dices,
1400 2144 1408 2159 ‘
1425 2140 1533 2189 Quid
1561 2140 1645 2186 illis,
1668 2149 1708 2181 30

317 2205 347 2242 si
369 2205 457 2243 victi
480 2214 592 2244 erunt
609 2208 645 2243 ?'
697 2206 915 2244 Honestior
935 2213 991 2244 est
1013 2207 1136 2256 plaga.
1193 2208 1306 2244 Haec
1328 2219 1390 2243 me
1411 2204 1644 2243 excruciant.

363 2320 403 2339 22
428 2309 549 2346 magis]
574 2309 682 2339 malim
703 2309 757 2338 Ml
848 2320 947 2349 quam
965 2309 1039 2341 add.
1060 2313 1128 2340 velt.
1247 2310 1289 2339 28
1314 2314 1349 2340 ut
1365 2307 1441 2340 add.
1458 2308 1486 2338 L
1505 2308 1647 2349 (mwg.)

318 2356 391 2383 ante
407 2353 475 2382 sint
492 2352 566 2383 add.
585 2353 611 2383 si
632 2353 752 2390 Baiter,
771 2356 845 2383 ante
861 2353 961 2392 aliqui
979 2353 1103 2384 Sclzulz
