1827 2798
586 159 697 197 EPP.
730 159 808 197 AD
837 159 1102 198 ATTICVM
1435 156 1506 192 XI.
1530 152 1638 190 xxiv

176 269 272 308 nihil
302 264 508 308 videbatur
544 269 638 308 addi
677 282 802 319 posse,
839 270 947 319 quod
987 268 1082 306 mihi
1121 281 1201 306 non
1236 268 1357 306 modo
1389 266 1499 305 irasci

173 334 399 384 gravissima
429 334 568 373 iniuria
601 343 763 384 accepta
794 335 864 373 sed
895 348 944 372 ne
976 336 1109 372 dolere
1143 333 1304 383 quidem
1338 332 1500 382 impune

174 400 274 438 licet.
335 401 425 448 Qua
446 414 485 438 re
512 399 611 438 istuc
632 401 810 438 feramuS.
871 401 992 447 Quod
1013 413 1103 437 cum
1132 398 1343 445 tulerimus,
1368 406 1499 435 tamen

173 466 313 503 eadem
335 472 447 503 erunt
474 464 728 514 perpetienda
755 477 856 513 quae
883 472 924 501 tu
946 478 995 501 ne
1021 464 1203 501 accidant
1224 472 1265 501 ut
1292 476 1499 501 caveamus

137 543 154 574 5
174 544 321 568 mones.
383 532 441 567 Ea
462 529 566 568 enim
588 538 645 567 est
665 543 688 566 a
708 529 823 566 nobis
844 537 1045 566 contracta
1065 530 1180 578 culpa
1200 534 1245 565 ut
1268 528 1376 566 omni
1397 536 1498 566 statu

173 595 361 644 omnique
382 596 530 645 populo
552 594 698 632 exitum
719 593 901 631 habitura
920 593 1106 631 videatur.

227 661 305 698 Sed
329 661 380 698 ad
408 673 536 696 meam
564 672 725 696 manum
752 660 882 705 redeo,
915 666 1027 696 erunt
1052 658 1156 696 enim
1182 659 1278 696 haec
1308 657 1498 696 occultius
1518 671 1541 697 2

171 726 333 774 agenda.
392 723 506 770 Vide,
541 737 698 772 quaeso,
736 723 853 761 etiam
892 737 998 761 nunc
1029 724 1078 761 de
1110 731 1358 769 testamento,
1390 723 1498 772 quod

172 797 255 826 tum
285 790 431 826 factum
462 801 552 825 cum
583 787 648 825 illa
679 792 889 837 ”l‘querere†
916 795 1108 837 coeperat.
1168 789 1272 833 Non,
1302 788 1434 834 credo,
1461 794 1498 825 te

114 867 152 888 10
172 852 411 899 commovit3
440 866 569 901 neque
590 852 695 890 enim
723 852 869 900 rogavit
891 866 940 890 ne
968 866 1029 890 me
1050 851 1222 901 quidem.
1282 853 1360 890 Sed
1387 851 1497 901 quasi

172 916 224 954 ita
263 917 320 963 sit,
363 916 550 966 quoniam
586 916 625 954 in
665 930 886 955 sermonem
925 916 1002 954 iam
1037 916 1186 962 venisti,
1228 916 1372 966 poteris
1411 930 1497 954 eam

172 995 332 1019 monere
366 989 408 1019 ut
437 981 583 1030 aliquoi
613 980 833 1019 committat
863 981 973 1018 cuius
1002 989 1108 1019 extra
1136 980 1352 1030 periculum
1383 981 1497 1019 huius

173 1046 263 1084 belli
285 1048 440 1084 fortuna
466 1046 524 1083 sit.
585 1046 783 1095 Equidem
813 1045 882 1083 tibi
910 1045 1158 1094 potissimum
1182 1045 1310 1092 velim,
1333 1046 1364 1084 si
1391 1046 1496 1084 idem

172 1110 235 1147 illa
264 1112 389 1148 vellet.
451 1112 581 1158 Quam
617 1110 777 1159 quidem
810 1112 895 1148 celo
931 1110 1110 1148 miseram
1144 1124 1206 1148 me
1238 1111 1313 1148 hoc
1349 1110 1493 1148 timere.

114 1189 151 1222 15
174 1177 234 1213 De
273 1175 339 1213 illo
378 1177 499 1213 altero
534 1175 615 1213 scio
654 1175 839 1225 equidem
878 1175 1009 1213 venire
1049 1189 1153 1213 nunc
1189 1175 1242 1212 nil
1281 1189 1396 1225 posse
1428 1177 1497 1213 sed

170 1240 308 1289 seponi
329 1248 367 1279 et
397 1240 583 1278 occultari
605 1248 770 1290 possunt
796 1248 838 1278 ut
862 1248 967 1278 extra
997 1240 1147 1277 ruinam
1176 1240 1252 1277 sint
1282 1254 1368 1278 eam
1396 1254 1497 1290 quae

170 1305 382 1355 impendet.
436 1307 540 1343 Nam
558 1306 666 1354 quod
683 1305 817 1343 scribis
834 1305 948 1343 nobis
962 1314 1094 1343 nostra
1106 1314 1143 1343 et
1158 1314 1223 1343 tua
1238 1314 1275 1343 et
1289 1306 1496 1344 Terentiae
1518 1315 1540 1350 3

170 1371 251 1408 fore
290 1378 434 1420 parata,
474 1378 541 1408 tua
579 1371 709 1416 credo,
750 1377 882 1408 nostra
914 1384 1014 1419 quae
1047 1378 1230 1419 poterunt
1264 1373 1378 1409 esse?
1437 1373 1498 1408 De

170 1434 354 1472 Terentia
374 1442 506 1472 autem
530 1434 659 1484 (mitto
681 1442 809 1472 cetera
833 1448 933 1484 quae
954 1442 1043 1472 sunt
1064 1434 1379 1484 innumerabilia)
1401 1435 1497 1484 quid

112 1514 151 1535 20
169 1501 219 1537 ad
252 1501 327 1537 hoc
356 1499 451 1538 addi
486 1501 644 1549 potest?
700 1499 914 1549 Scripseras
944 1507 986 1538 ut
1017 1501 1087 1538 HS
1117 1504 1180 1536 >Tr-1
1211 1508 1497 1549 perniutareni;

170 1573 321 1603 tantum
343 1579 427 1603 esse
456 1565 647 1614 reliquum
676 1566 726 1603 de
753 1573 924 1614 argento.
984 1565 1094 1602 Misit
1114 1564 1178 1602 illa
1204 1576 1322 1603 CCIOO
1342 1564 1437 1603 mihi
1459 1574 1496 1603 et

168 1629 374 1679 adscripsit
395 1638 546 1667 tantum
570 1644 654 1668 esse
675 1630 879 1680 reliquum.
940 1630 1041 1669 Cum
1064 1631 1139 1667 hoc
1160 1638 1238 1667 tam
1263 1643 1424 1679 parvum
1446 1631 1496 1668 de

170 1708 288 1744 parvo
311 1695 526 1742 detraxerit,
551 1694 737 1745 perspicis
759 1694 855 1744 quid
876 1694 915 1732 in
937 1694 1105 1732 maxima
1124 1708 1163 1732 re
1184 1694 1327 1732 fecerit.

226 1759 459 1798 Philotimus
494 1773 573 1797 non
608 1761 729 1798 modo
764 1761 893 1798 nullus
924 1760 1029 1798 venit
1068 1761 1136 1797 sed
1171 1773 1219 1797 ne
1249 1773 1317 1809 per
1350 1759 1493 1798 litteras
1513 1772 1539 1809 4

110 1839 148 1869 25
171 1823 332 1873 quidem
363 1832 429 1862 aut
468 1838 536 1874 per
569 1824 752 1862 nuntium
782 1824 986 1863 certiorem
1021 1824 1111 1862 facit
1141 1838 1203 1863 me
1237 1824 1332 1874 quid
1363 1825 1491 1874 egerit.

173 1890 332 1938 Epheso
353 1889 419 1939 qui
442 1889 603 1927 veniunt
633 1889 686 1927 ibi
708 1903 748 1927 se
778 1903 868 1927 eum
890 1891 940 1928 de
965 1889 1043 1927 suis
1073 1889 1344 1927 controversiis
1372 1889 1411 1927 in
1436 1890 1494 1927 ius

168 1954 380 1991 adeuntem
415 1954 559 1992 vidisse
589 1954 795 2001 nuntiant3
839 1968 939 2003 quae
978 1954 1138 2004 quidem
1174 1954 1244 2003 (ita
1276 1954 1381 1992 enim
1415 1954 1494 1992 veri

169 2017 294 2056 simile
326 2019 400 2068 est)
433 2018 472 2055 in
505 2020 719 2057 adventum
753 2019 930 2058 Caesaris
961 2021 1122 2057 fortasse
1152 2019 1372 2057 reiciuntur.
1433 2021 1494 2057 Ita

168 2089 234 2119 aut
255 2082 351 2120 nihil
380 2090 477 2132 puto
498 2097 588 2121 eurn
618 2084 762 2121 habere
788 2085 896 2133 quod
926 2092 1036 2133 putet
1055 2085 1105 2122 ad
1136 2098 1198 2122 me
1225 2084 1386 2122 celerius
1412 2097 1493 2134 per-

211 2194 230 2222 5
255 2189 291 2214 ut
308 2184 383 2215 add.
405 2189 474 2216 velt.
603 2187 623 2215 6
649 2186 878 2225 populolforl.
900 2196 923 2216 r.
943 2196 973 2225 p.
994 2186 1094 2216 talem
1219 2198 1234 2226 7
1262 2187 1371 2221 redeo,
1393 2192 1492 2216 erunt

171 2226 377 2268 I‘Vescnbcrg:
405 2229 612 2258 reddiderint
631 2229 690 2259 M:
715 2230 799 2258 redii
816 2241 822 2266 ;
848 2234 947 2259 erunt
965 2230 1063 2259 Klotz
1183 2240 1204 2268 9
1228 2232 1369 2260 haerere
1385 2230 1469 2260 Pius
1485 2242 1492 2261 :

167 2272 262 2309 queri
278 2272 319 2301 de
331 2282 383 2301 ine
397 2272 474 2302 cont'.
494 2271 632 2302 Mz'c'ller:
659 2282 757 2302 ruere
771 2272 940 2302 Sclmzt'dt:
957 2273 1037 2311 fort.
1053 2284 1216 2312 quaerere
1233 2275 1270 2312 cs.
1288 2274 1372 2304 Hor.
1389 2275 1432 2305 A.
1449 2274 1487 2306 P.

170 2324 230 2352 170
331 2326 366 2353 14
391 2316 468 2345 velit
486 2314 676 2355 lifesenberg
797 2326 831 2354 17
858 2317 954 2345 nobis
971 2327 1034 2346 om.
1051 2316 1227 2347 Ascensius
1315 2322 1347 2347 et
1363 2317 1490 2347 Teren-

166 2359 232 2387 tiae
252 2357 423 2389 Schmidt:
448 2358 591 2390 terentie
608 2358 717 2389 codd.:
743 2359 872 2389 Tulliae
891 2360 917 2389 L
937 2359 1079 2400 (ηανξ.)
1198 2371 1241 2391 20
1264 2366 1490 2400 permutarem

167 2395 352 2432 Corradus:
386 2407 474 2432 -aret
492 2401 533 2432 M
661 2413 702 2441 23
726 2400 865 2434 fecerit?
883 2404 970 2444 vulg.
