1827 2798
179 140 299 178 XIII.
321 140 369 178 lii
734 141 847 177 EPP.
879 140 957 176 AD
989 139 1251 178 ATTICVM

285 263 309 290 2
331 253 533 290 Praeterea
552 250 675 289 tribus
696 249 872 288 tricliniis
892 249 1044 300 accepti
1065 251 1100 289 οῖ
1118 252 1203 301 περὶ
1220 252 1334 292 αὐτὸν
1352 252 1465 289 valde
1486 249 1657 301 copiose.

329 317 495 355 Libertis
519 315 649 353 minus
670 314 784 352 lautis
807 314 1006 365 servisque
1027 315 1125 353 nihil
1146 315 1280 355 defuit.
1341 318 1445 354 Nam
1476 315 1658 354 lautiores

325 384 521 431 eleganter
536 380 682 430 accepi.
726 380 835 428 Quid
852 381 1004 418 multa?
1025 380 1207 418 homines
1219 381 1293 420 visi
1306 394 1453 421 sumus.
1497 382 1658 430 Hospes

324 454 456 484 tamen
495 458 576 483 non
615 444 646 482 is
686 444 781 494 quoi
819 444 982 491 diceres,
1021 445 1201 482 ‘Amabo
1240 453 1292 493 te,
1323 447 1466 484 eodem
1504 447 1555 483 ad
1594 459 1657 483 me

323 524 414 549 cum
446 511 659 548 revertere.'
729 511 859 548 Semel
891 510 983 547 satis
1015 518 1084 547 est.
1144 511 1351 550 Σπουδαῖον
1381 511 1485 549 οὐδὲν
1513 510 1554 547 in
1584 524 1657 548 ser·
1677 523 1693 553 5

324 589 452 622 mone,
486 577 679 627 φιλόλογα
710 576 843 612 multa.
904 574 1015 623 Quid
1049 575 1232 624 quaeris?
1275 577 1492 614 delectatus
1526 582 1584 613 est
1618 583 1656 614 et

322 641 488 678 libenter
516 640 599 678 fuit.
660 639 834 677 Puteolis
865 653 907 678 se
935 639 1066 678 aiebat
1091 654 1214 678 unum
1239 640 1346 678 diem
1374 641 1467 687 fore,
1489 641 1656 679 alterum

321 706 373 744 ad
394 705 518 744 Baias.

377 770 515 808 Habes
545 769 762 820 hospitium
792 769 874 808 sive
904 770 1171 820 ἐπισταθμείαν
1204 770 1383 808 odiosam
1417 769 1523 817 mihi,
1560 769 1650 817 dixi,

323 848 403 872 non
426 836 643 873 molestam.
705 836 790 884 Ego
820 834 1020 884 paulisper
1039 834 1114 881 hic,
1138 834 1285 873 deinde
1305 834 1346 872 in
1366 835 1649 872 Tusculanum.
1675 846 1713 868 10

324 901 555 939 Dolabellae
576 900 707 937 villam
737 913 829 937 cum
859 899 1094 949 praeteriret,
1118 899 1248 937 omnis
1268 906 1506 937 armatorum
1537 898 1652 949 copia

319 967 455 1005 dextra
475 964 629 1003 sinistra
648 965 699 1002 ad
720 977 868 1014 equum
889 978 963 1002 nec
984 977 1151 1013 usquam
1177 963 1281 1001 alibi.
1343 965 1436 1002 Hoc
1456 977 1503 1002 ex
1523 963 1649 1002 Nicia.

567 1078 587 1108 3
610 1068 739 1108 accepti
757 1067 935 1099 Ascenst'us
1044 1077 1067 1108 9
1089 1066 1299 1106 ἑπισταθμίαν
1313 1066 1403 1109 vulg.
