1827 2798
138 100 249 137 XVI.
275 99 320 136 xi
657 100 711 136 M.
744 98 913 136 TVLLI
945 98 1254 137 CICERONIS

288 212 460 262 εὐμενείᾳ.
520 212 582 248 Ita
611 209 777 247 libenter
806 222 854 247 ea
882 209 1071 258 corrigam
1102 223 1203 259 quae
1231 223 1255 247 a
1283 217 1321 247 te
1350 208 1620 249 animadversa

287 283 392 322 sunt,
415 276 579 312 ‘eodem
600 274 681 311 iure
702 286 782 323 quo
815 273 1042 311 Rubriana'
1064 273 1194 323 potius
1224 288 1343 324 quam
1367 277 1376 294 ‘
1391 288 1471 324 quo
1500 275 1621 325 Scipi-

286 339 386 387 onis,
431 346 470 377 et
503 340 553 377 de
587 338 770 376 laudibus
812 339 1045 376 Dolabellae
1084 340 1247 377 deruam
1286 340 1500 377 cumulum.
1560 341 1620 377 Ac

286 412 418 442 tamen
452 410 511 442 est
544 403 619 441 isto
650 405 738 441 loco
758 403 872 449 bella,
902 410 945 441 ut
978 403 1074 440 mihi
1106 403 1270 451 widetur,
1308 405 1480 454 εἰρωνεία,
1511 405 1620 453 quod

285 483 376 507 eum
402 476 459 507 ter
488 476 624 506 contra
650 468 744 506 civis
772 468 811 506 in
841 468 935 507 acie.
999 470 1104 507 Illud
1133 469 1252 507 etiam
1281 471 1385 507 malo
1415 468 1621 518 ‘indignis-
1640 486 1657 516 5

242 542 266 579 3
285 534 428 571 simum
459 541 516 571 est
545 534 652 571 hunc
680 533 833 571 vivere'
863 547 982 583 quam
1019 534 1136 583 ‘quid
1166 534 1415 584 indignius?'
1472 537 1621 571 Πεπλο-

284 600 448 651 γραφίαν
461 598 647 637 Varronis
668 597 738 636 tibi
755 598 910 647 probari
927 612 1009 636 non
1026 601 1192 637 moleste
1213 601 1294 638 fero
1312 614 1321 647 3
1351 613 1373 637 a
1388 612 1468 649 quo
1488 600 1619 637 adhuc

282 664 559 715 Ἡρακλείδεων
596 662 693 701 illud
734 677 815 701 non
854 663 1008 701 abstuli.
1089 665 1211 712 Quod
1258 678 1321 702 me
1360 663 1523 702 hortaris
1569 665 1620 701 ad

283 730 550 777 scribendum,
581 728 709 767 amice
743 735 785 766 tu
820 728 992 778 quidem,
1027 730 1097 767 sed
1136 743 1200 767 me
1239 729 1337 767 scito
1375 742 1489 778 agere
1522 728 1619 766 nihil

282 794 399 833 aliud.
461 794 644 833 Gravedo
683 801 750 831 tua
795 793 891 830 mihi
930 794 1097 832 molesta
1134 801 1203 832 est.
1265 795 1440 843 Quaeso,
1473 793 1619 832 adhibe
1644 809 1680 830 10

282 874 402 912 quam
442 862 544 899 soles
583 858 838 909 diligentiam.
899 859 959 897 ‘O
997 858 1109 897 Tite'
1148 859 1218 897 tibi
1259 860 1446 909 prodesse
1484 860 1616 897 laetor.

286 924 528 976 ‘Anagnini'
557 932 647 963 sunt
680 925 853 962 Mustela
880 925 1082 976 ταξιάρχης
1110 932 1149 962 et
1179 926 1286 962 Laco
1313 923 1381 974 qui
1406 923 1618 974 plurimum

285 991 394 1030 bibit.
454 990 617 1029 Librum
639 1003 758 1040 quem
779 1003 891 1040 rogas
911 989 1129 1040 perpoliam
1150 997 1188 1028 et
1210 990 1373 1028 mittam.

238 1063 266 1100 4
341 1059 455 1095 Haec
484 1057 535 1094 ad
564 1055 831 1106 posteriorem.
888 1057 943 1093 Τὰ
971 1056 1053 1106 περὶ
1078 1059 1143 1094 τοῦ
1168 1056 1401 1105 καθήκοντος,
1425 1063 1618 1106 quatenus

286 1121 509 1169 Panaetius,
547 1121 697 1160 absolvi
739 1121 908 1159 duobus.
980 1121 1092 1160 Illius
1137 1129 1212 1160 tres
1256 1129 1374 1170 sunt3
1417 1123 1487 1160 sed
1526 1136 1616 1160 cum
1643 1136 1676 1165 ¹5

284 1186 395 1225 initio
440 1185 635 1225 divisisset
677 1185 744 1233 ita,
787 1186 859 1224 tria
900 1199 1044 1236 genera
1086 1186 1317 1236 exquirendi
1366 1188 1469 1225 offici
1519 1202 1616 1233 esse,

284 1266 422 1300 unum,
451 1265 543 1290 curn
573 1250 838 1290 deliberemus
871 1253 1085 1290 honesturn
1115 1266 1165 1290 an
1200 1260 1312 1302 turpe
1342 1253 1401 1299 sit,
1439 1255 1615 1299 alterum,

284 1317 378 1355 utile
411 1330 461 1354 an
495 1315 647 1363 inutile,
678 1315 850 1363 tertium,
881 1330 972 1354 cum
1007 1318 1108 1355 haec
1145 1316 1246 1355 inter
1285 1331 1325 1355 se
1360 1332 1533 1368 pugnare
1569 1319 1619 1356 vi-

282 1384 459 1429 deantur,
493 1395 573 1431 quo
608 1382 730 1419 modo
765 1381 1023 1419 iudicandum
1059 1381 1120 1429 sit,
1150 1382 1275 1432 qualis
1310 1397 1428 1421 causa
1462 1384 1617 1433 Reguli,

282 1448 406 1486 redire
426 1449 653 1495 honestum,
674 1461 832 1486 manere
861 1447 967 1494 utile,
990 1449 1040 1486 de
1069 1448 1227 1486 duobus
1257 1448 1392 1498 primis
1422 1451 1618 1499 praeclare
1640 1463 1679 1484 20

281 1512 475 1561 disseruit,
496 1514 547 1551 de
577 1512 691 1551 tertio
716 1512 923 1562 pollicetur
943 1526 984 1551 se
1011 1512 1201 1563 deinceps
1229 1515 1299 1552 sed
1330 1513 1426 1552 nihil
1452 1515 1614 1565 scripsit.

283 1580 385 1616 Eum
407 1580 539 1616 locum
562 1577 799 1616 Posidonius
829 1586 1056 1627 persecutus
1083 1584 1145 1617 est.
1207 1581 1293 1630 Ego
1319 1587 1451 1618 autem
1476 1588 1514 1619 et
1535 1580 1618 1619 eius

281 1644 422 1681 librum
461 1642 642 1681 arcessivi
681 1650 719 1681 et
757 1644 807 1681 ad
846 1644 1152 1682 Athenodorum
1192 1645 1359 1684 Calvum
1398 1645 1534 1695 scripsi
1576 1653 1619 1684 ut

281 1709 331 1746 ad
359 1722 422 1746 me
448 1710 494 1747 τὰ
523 1710 711 1757 κεφάλαια
739 1708 909 1746 mitteret
924 1723 933 1756 3
963 1723 1065 1758 quae
1092 1717 1287 1759 exspecto.
1348 1712 1479 1760 Quem
1501 1711 1618 1750 velim

282 1775 487 1812 cohortere
516 1782 554 1812 et
584 1787 694 1823 roges
725 1781 767 1811 ut
796 1787 916 1823 quam
946 1774 1127 1824 primum.
1190 1777 1237 1813 Ir1
1273 1789 1321 1814 eo
1351 1784 1408 1814 est
1443 1778 1525 1827 περὶ
1553 1780 1618 1816 τοῦ
1641 1792 1676 1822 25

284 1841 376 1877 κατὰ
395 1840 616 1889 περίστασιν
645 1839 876 1888 καθήκοντος.
940 1840 1061 1887 Quod
1091 1841 1141 1878 de
1171 1840 1425 1890 inscriptione
1451 1842 1618 1892 quaeris,

285 1917 363 1942 non
390 1903 530 1942 dubito
557 1903 652 1954 quin
681 1905 841 1953 καθῆκον
864 1904 1084 1942 ‘officium'
1106 1904 1164 1951 sit,
1187 1905 1261 1943 nisi
1289 1906 1385 1955 quid
1416 1914 1457 1945 tu
1486 1907 1618 1955 aliud;

284 1970 351 2006 sed
375 1968 577 2018 inscriptio
597 1969 749 2018 plenior
772 1973 780 1988 ‘
797 1970 847 2007 de
877 1969 1038 2007 officiis.'
1095 1974 1318 2020 Προσφωνῶ
1344 1979 1477 2010 autem
1505 1972 1619 2012 Cice-

285 2033 369 2072 roni
391 2034 480 2071 filio.
541 2033 680 2071 Visum
702 2042 759 2072 est
780 2047 862 2072 non
883 2036 1071 2073 ἀνοίκειον.

241 2105 265 2143 5
342 2101 402 2137 De
424 2098 584 2148 Myrtilo
605 2099 788 2137 dilucide.
850 2100 886 2138 O
908 2100 1033 2149 qualis
1055 2108 1096 2138 tu
1117 2114 1272 2151 semper
1295 2101 1389 2139 istos
1407 2104 1413 2140 1
1474 2103 1618 2140 Itane?
1639 2116 1654 2145 3,

389 341 397 356 ²

328 2214 358 2242 5,
378 2205 398 2233 6
423 2204 696 2242 indignissimum
719 2210 771 2235 est
791 2204 856 2244 <vel
873 2205 964 2246 esse)
988 2199 1050 2236 Zb:
1078 2205 1253 2244 indignius
1278 2216 1353 2236 esse
1373 2206 1414 2236 M
1580 2217 1615 2237 11

288 2247 424 2277 Librum
451 2258 562 2278 mcum
589 2248 681 2278 illum
712 2249 762 2278 ml
794 2249 926 2278 Librum
962 2248 1052 2278 illum
1081 2259 1190 2279 meum
1216 2253 1289 2279 ante
1316 2251 1345 2279 Ο
1374 2251 1451 2280 Tite
1472 2250 1555 2280 dant
1578 2244 1618 2279 Zl

288 2290 376 2321 Crat.
517 2302 553 2330 14
574 2292 684 2331 Haec]
705 2291 803 2322 Nunc
820 2292 944 2322 Scln'itz
1016 2296 1093 2332 post
1109 2292 1206 2322 Haec
1222 2293 1442 2333 supplendum
1458 2295 1499 2324 ad
1517 2305 1616 2333 supe·

288 2334 408 2364 riorem
425 2345 431 2363 z
467 2345 555 2364 nunc
572 2335 621 2365 vel
635 2335 738 2364 sinfu‘le
754 2335 836 2375 quid
843 2339 944 2375 putat
963 2334 1153 2376 lVesenberg
1292 2346 1334 2366 22
1358 2343 1410 2367 est
1426 2337 1501 2368 add.
1520 2337 1622 2368 Orelli

288 2388 328 2416 24
353 2388 439 2417 quae
456 2378 598 2409 Bosius:
622 2384 687 2418 que
707 2378 746 2409 M
860 2389 903 2418 30
929 2379 1045 2411 Itane?
1072 2380 1105 2410 in
1128 2379 1333 2421 Wesenberg:
1362 2380 1456 2411 Itane
1475 2381 1508 2411 in
1526 2381 1612 2422 vulg.
