1827 2798
690 626 864 665 LIBER
894 623 1270 664 DVODECIMVS

738 746 842 796 AD
881 744 1221 794 ATTICVM

352 876 375 917 Ῑ
598 881 667 915 Ser.
687 882 721 913 in
738 882 899 923 Arpinati
912 867 973 912 viii'
981 880 1024 912 K.
1042 880 1115 913 Dec.
1135 891 1165 912 α.
1187 881 1248 920 708
1265 879 1351 922 (46).

725 976 901 1007 CICERO
932 974 1106 1006 ATTICO
1139 974 1237 1006 SAL.

279 1075 296 1102 1
366 1063 601 1100 VNDECIMO
630 1060 707 1108 die,
736 1067 948 1109 postquam
978 1072 1001 1097 a
1030 1066 1068 1098 te
1097 1058 1364 1105 discesseram,
1398 1057 1474 1096 hoc
1500 1056 1646 1096 litteru-

314 1128 438 1166 larum
472 1125 624 1165 exaravi
658 1124 862 1175 egrediens
897 1138 919 1163 e
949 1124 1041 1163 villa
1073 1131 1165 1162 ante
1194 1125 1324 1161 lucem
1354 1130 1473 1172 atque
1502 1135 1551 1161 eo
1580 1121 1645 1161 die

314 1191 536 1242 cogitabam
568 1190 609 1228 in
643 1189 868 1239 Anagnino,
898 1196 1057 1239 postero
1085 1196 1219 1227 autem
1249 1187 1289 1225 in
1318 1188 1558 1235 Tusculano,
1589 1186 1644 1225 ibi
1665 1198 1681 1230 5

314 1270 438 1295 unum
477 1255 608 1304 diem3
656 1267 682 1292 v
722 1255 891 1293 Kalend.
933 1253 1048 1303 igitur
1081 1255 1132 1292 ad
1171 1252 1441 1291 constitutum.
1511 1253 1645 1301 Atque

314 1321 464 1360 utinam
485 1319 676 1359 continuo
702 1320 753 1357 ad
783 1320 1034 1368 complexum
1065 1331 1176 1356 meae
1197 1316 1361 1363 Tulliae,
1384 1317 1435 1354 ad
1465 1317 1645 1355 osculum

313 1386 468 1424 Atticae
506 1384 655 1435 possim
701 1386 876 1422 currere!
953 1383 1075 1431 Quod
1123 1381 1285 1431 quidem
1330 1380 1460 1430 ipsum
1505 1380 1642 1427 scribe,

313 1464 472 1501 quaeso,
494 1451 545 1488 ad
576 1462 639 1487 me
668 1456 722 1495 ut,
745 1449 841 1486 dum
872 1447 1046 1486 consisto
1076 1446 1116 1484 in
1137 1447 1377 1493 Tusculano,
1401 1445 1521 1484 sciam
1549 1445 1646 1496 quid

312 1516 463 1566 garriat,
487 1514 546 1553 sin
570 1513 787 1560 rusticatur‚
811 1512 907 1562 quid
935 1511 1078 1551 scribat
1098 1512 1149 1550 ad
1177 1518 1240 1559 te3
1269 1510 1384 1561 eique
1412 1509 1559 1550 interea
1578 1519 1645 1550 aut
1667 1525 1705 1548 10

313 1581 458 1620 scribes
493 1581 659 1618 salutem
694 1586 761 1616 aut
792 1577 992 1616 nuntiabis
1024 1577 1200 1627 itemque
1235 1576 1367 1615 Piliae.
1428 1578 1478 1614 Et
1513 1584 1645 1615 tamen

312 1645 384 1685 etsi
423 1644 615 1684 continuo
650 1641 895 1693 congressuri
931 1655 1077 1689 sumus,
1113 1640 1259 1680 scribes
1297 1641 1349 1679 ad
1384 1654 1447 1679 me
1485 1641 1517 1679 si
1549 1641 1645 1692 quid

314 1709 490 1748 habebis.

271 1785 296 1813 2
370 1775 473 1814 Cum
494 1772 772 1823 complicarem
800 1773 902 1810 hanc
930 1772 1150 1823 epistulam,
1173 1774 1480 1813 noctuabundus
1507 1775 1557 1813 ad
1582 1787 1645 1812 me

313 1839 419 1878 venit
450 1852 541 1877 curn
575 1837 743 1887 epistula
778 1844 844 1874 tua
878 1836 1102 1876 tabellarius
1119 1853 1128 1886 3
1167 1852 1245 1888 qua
1275 1841 1377 1878 lecta
1410 1840 1461 1877 de
1490 1838 1645 1877 Atticae
1666 1850 1703 1881 15

311 1903 500 1942 febricula
529 1901 677 1940 scilicet
707 1903 820 1940 valde
850 1902 971 1940 dolui.
1033 1902 1204 1953 Reliqua
1232 1917 1334 1953 quae
1368 1903 1645 1953 exspectabam

312 1984 358 2008 ex
378 1968 454 2007 tuis
474 1967 610 2006 litteris
638 1968 806 2019 cognovi
828 1968 986 2016 omnia3
1017 1970 1086 2007 sed
1111 1970 1220 2018 quod
1247 1968 1382 2008 scribis
1407 1968 1645 2019 ‘igniculum

312 2033 549 2072 matutinum
578 2035 812 2085 γεροντικόν,’
843 2034 1146 2085 ’γεροντικώτερον
1177 2041 1235 2072 est
1269 2033 1500 2072 memoriola
1532 2033 1646 2072 vacil-

311 2100 399 2137 lare.
460 2100 545 2148 Ego
580 2098 686 2137 enim
718 2111 781 2136 1111
815 2100 902 2136 Kal.
935 2098 1037 2137 Axio
1069 2099 1268 2146 dederam,
1300 2098 1371 2137 tibi
1402 2111 1460 2146 111,
1493 2098 1645 2148 Quinto

311 2177 391 2213 quo
421 2163 485 2202 die
516 2163 723 2211 venissem,
747 2163 788 2202 id
812 2170 870 2202 est
891 2175 916 2201 V
939 2165 1026 2202 Kal.
1087 2165 1181 2202 Hoc
1211 2163 1325 2214 igitur
1354 2163 1530 2211 habebis,
1553 2162 1644 2202 novi
1667 2174 1705 2196 20

360 2279 371 2298 1
400 2267 568 2307 Epislnlas
585 2268 686 2297 lmius
705 2267 779 2297 libri
791 2267 898 2297 onmis
917 2277 984 2297 uno
1000 2270 1105 2297 tenore
1121 2267 1287 2308 coniungit
1301 2266 1348 2298 M.
1397 2267 1439 2298 In
1455 2267 1647 2306 separandis

311 2312 452 2350 epistulis
476 2312 634 2340 librorum
659 2311 708 2340 ,vsi
729 2315 756 2341 ct
778 2311 839 2340 xiii
861 2315 993 2350 operam
1017 2314 1223 2341 navaverunt
1245 2311 1444 2341 luculentam
1466 2310 1597 2341 Scln'clte
1617 2314 1648 2340 ct

311 2354 469 2391 Schmidt,
489 2365 569 2393 quos
586 2355 672 2384 viros
688 2353 795 2383 doctos
813 2354 945 2384 libenter
952 2355 1148 2394 plerumque
1162 2358 1289 2384 secutus
1304 2365 1381 2384 sum
1481 2365 1518 2393 14
1544 2359 1644 2384 noctu

311 2398 532 2436 vagabundus
550 2397 627 2427 coni.
649 2397 737 2427 Reid
849 2399 888 2427 18
911 2396 1098 2436 ’γεροντικόν
1115 2397 1190 2428 add.
1208 2397 1236 2426 L
1254 2399 1397 2437 (marg.)
1513 2408 1555 2428 20
1578 2407 1644 2438 quo

312 2442 366 2472 die
384 2442 423 2473 I:
449 2441 600 2481 quotidie
619 2440 658 2469 M
745 2449 767 2471 v
784 2440 872 2472 codd.
894 2440 945 2482 (cf.
965 2440 985 2472 l.
1004 2442 1062 2482 6):
1088 2450 1114 2471 11
1131 2441 1181 2472 vel
1194 2441 1281 2481 prid.
1298 2440 1367 2474 cdd.
