1827 2798
186 134 282 173 XII.
302 134 395 172 xliv
676 135 732 172 M.
764 133 933 170 TVLLI
965 132 1271 172 CICERONIS

279 455 296 482 1

271 845 297 872 2

274 1493 299 1531 3

356 262 504 298 XLIV
636 263 704 296 Ser.
726 264 873 295 Asturae
887 264 924 295 iii
935 264 984 296 Id.
1005 263 1087 296 Mai.
1106 275 1136 296 a.
1156 274 1214 306 709
1235 263 1315 306 (45).

720 351 892 382 CICERO
921 350 1104 382 ATTICO
1131 350 1238 384 SAL.

369 443 420 479 Et
442 440 618 479 Hirtium
637 440 786 490 aliquid
806 442 858 479 ad
877 448 916 480 te
935 441 1139 492 συμπαθῶς
1158 442 1208 480 de
1228 454 1292 479 me
1313 440 1510 491 scripsisse
1530 440 1643 479 facile

313 506 439 556 patior
460 506 568 557 (fecit
589 505 695 544 enim
722 506 912 556 humane)
933 513 971 544 et
992 514 1030 544 te
1050 506 1133 545 eius
1160 505 1368 556 epistulam
1395 507 1445 544 ad
1472 519 1536 544 me
1563 519 1644 544 non

314 570 465 609 misisse
500 573 625 609 multo
659 570 836 618 facilius;
878 578 919 609 tu
951 571 1057 610 enim
1089 571 1207 610 etiam
1240 571 1461 609 humanius.
1534 570 1644 609 Illius
1665 581 1682 614 5

313 635 455 674 librum
491 649 610 685 quem
648 636 699 673 ad
734 649 797 673 me
832 635 936 673 misit
967 637 1018 674 de
1053 637 1206 675 Catone
1235 643 1442 686 propterea
1470 637 1561 674 volo
1590 635 1647 674 di-

313 700 460 750 vulgari
489 714 512 738 a
541 700 616 738 tuis
641 708 684 738 ut
719 714 766 739 ex
796 700 961 740 istorum
990 700 1277 751 vituperatione
1307 700 1356 739 sit
1390 700 1492 738 illius
1522 700 1647 739 maior

313 765 497 804 laudatio.

370 832 491 879 Quod
512 844 580 881 per
602 832 816 870 Mustelam
836 830 928 882 agis,
952 831 1075 870 habes
1096 830 1300 870 hominem
1320 831 1435 869 valde
1455 829 1645 869 idoneum

315 896 473 946 meique
511 910 605 935 sane
645 896 866 936 studiosum
906 896 983 935 iam
1023 897 1116 935 inde
1154 911 1177 935 a
1216 896 1423 934 Pontiano.
1497 896 1645 934 Perfice
1670 910 1708 933 ιο

315 962 431 1012 igitur
450 962 610 1012 aliquid.
658 962 767 1011 Quid
787 970 920 1001 autem
942 962 1050 1001 aliud
1071 962 1145 1000 nisi
1166 970 1208 1000 ut
1228 961 1358 1000 aditus
1379 961 1428 1000 sit
1448 960 1647 1011 emptori?

316 1029 424 1077 quod
446 1041 514 1076 per
534 1027 712 1077 quemvis
732 1029 919 1066 heredem
944 1035 1073 1078 potest
1094 1027 1206 1066 effici.
1265 1028 1343 1065 Sed
1372 1028 1585 1064 Mustelam
1606 1025 1648 1064 id

316 1094 591 1142 perfecturum,
608 1092 639 1130 si
659 1093 813 1142 rogaris,
830 1101 936 1143 puto.
984 1092 1086 1130 Mihi
1102 1106 1193 1131 vero
1209 1099 1248 1130 et
1263 1094 1395 1130 locum
1412 1105 1531 1141 quem
1553 1098 1648 1141 opto

316 1158 368 1195 ad
395 1156 435 1195 id
465 1158 574 1206 quod
601 1158 782 1195 volumus
806 1157 962 1196 dederis
986 1165 1024 1196 et
1053 1165 1254 1207 praeterea
1274 1158 1477 1209 ἐγγήραμα.
1542 1158 1647 1194 Nam

318 1221 383 1259 illa
403 1221 470 1260 Sili
491 1229 529 1260 et
548 1222 665 1259 Drusi
686 1235 767 1260 non
787 1221 879 1260 satis
895 1223 1177 1260 οἱκοδεο-ποτικὰ
1193 1221 1289 1259 mihi
1305 1221 1496 1259 videntur.
1538 1220 1648 1269 Quid
1671 1234 1707 1266 15

318 1285 454 1325 enim?
484 1287 620 1324 sedere
637 1294 740 1324 totos
760 1286 844 1325 dies
865 1286 905 1324 in
920 1286 1039 1325 villa?
1078 1288 1160 1325 Ista
1180 1286 1294 1336 igitur
1314 1286 1458 1333 malim,
1478 1284 1648 1335 primum

319 1350 503 1397 Othonis,
526 1351 671 1389 deinde
693 1351 868 1390 Clodiae.
929 1351 968 1390 Si
990 1351 1086 1389 nihil
1108 1352 1184 1398 fiet,
1206 1358 1273 1389 aut
1296 1352 1427 1389 Druso
1454 1351 1570 1388 ludus
1591 1356 1649 1388 est

318 1416 585 1465 suggerendus
606 1423 672 1453 aut
693 1417 885 1454 utendum
906 1418 1144 1454 Tusculano.

374 1481 496 1528 Quod
517 1479 626 1518 domi
647 1487 685 1518 te
706 1479 896 1518 inclusisti
917 1480 1067 1520 ratione
1094 1480 1243 1529 fecisti3
1273 1481 1352 1528 sed,
1376 1493 1535 1530 quaeso,
1559 1493 1649 1518 con-

319 1546 393 1584 fice
413 1552 451 1584 et
475 1553 513 1584 te
533 1559 701 1583 vacuum
732 1547 853 1584 redde
880 1546 1006 1584 nobis,
1067 1548 1153 1596 Ego
1176 1546 1279 1592 hinc,
1302 1553 1345 1583 ut
1366 1545 1500 1595 scripsi
1520 1553 1646 1592 antea,
1671 1558 1709 1581 20

319 1609 508 1661 postridie
530 1611 626 1648 Idus
648 1610 811 1658 Lanuvi,
835 1611 980 1649 deinde
1001 1611 1188 1662 postridie
1204 1611 1244 1649 in
1264 1612 1504 1649 Tusculano.
1546 1611 1649 1650 Con-

319 1675 404 1714 tudi
436 1675 542 1714 enim
576 1674 753 1713 animum
788 1683 826 1714 et
860 1677 1022 1714 fortasse
1050 1675 1136 1723 vici,
1169 1676 1201 1714 si
1231 1677 1353 1714 modo
1384 1688 1645 1726 permansero.

320 1741 427 1781 Scies
448 1741 563 1791 igitur
583 1742 745 1779 fortasse
765 1755 860 1789 cras,
883 1755 1082 1779 summum
1103 1741 1300 1791 perendie.

374 1807 453 1845 Sed
487 1805 583 1856 quid
617 1814 687 1852 est,
719 1808 896 1855 quaeso?
953 1806 1188 1844 Philotimus
1219 1820 1292 1845 nec
1326 1806 1504 1846 Carteiae
1534 1807 1649 1844 Pom-

320 1871 452 1922 peium
483 1870 605 1908 teneri
626 1870 722 1921 (qua
741 1872 792 1909 de
818 1884 857 1908 re
883 1870 1095 1908 litterarum
1120 1872 1171 1909 ad
1199 1870 1385 1910 Clodium
1414 1870 1647 1908 Patavinum
1669 1884 1708 1918 25

320 1936 527 1974 missarum
548 1937 771 1985 exemplum
794 1935 889 1973 mihi
911 1936 1065 1985 Oppius
1092 1944 1131 1974 et
1152 1937 1299 1974 Balbus
1327 1935 1522 1981 miserant,
1546 1948 1586 1973 se
1607 1934 1648 1973 id

320 2002 467 2039 factum
487 2000 680 2051 arbitrari)
702 2001 930 2050 bellumque
959 2008 1087 2039 narrat
1107 2001 1300 2050 reliquum
1328 2001 1420 2039 satis
1448 2013 1645 2049 magnum.

321 2067 428 2105 Solet
448 2065 614 2104 omnino
634 2079 719 2104 esse
740 2066 1006 2104 Fulviniaster.
1067 2067 1145 2104 Sed
1172 2073 1315 2112 tamen,
1338 2065 1368 2104 si
1389 2065 1486 2116 quid
1512 2065 1646 2104 habes.

320 2133 425 2170 Volo
446 2131 564 2169 etiam
585 2132 635 2170 de
656 2131 857 2181 naufragio
878 2131 1100 2171 Caniniano
1120 2131 1218 2170 scire
1238 2131 1333 2181 quid
1354 2131 1414 2170 sit.

370 2244 409 2272 19
432 2235 579 2275 ratione]
606 2240 698 2266 recte
720 2234 908 2275 PVesenberg
1106 2244 1146 2265 21
1174 2234 1302 2266 Lanuvi
1331 2234 1520 2266 Comedus:
1566 2235 1648 2265 Iami

324 2278 514 2318 (zLamu')
544 2279 602 2309 M:
643 2279 829 2309 Lanuvium
854 2278 954 2310 Rom.
1097 2289 1139 2317 24
1164 2289 1225 2310 nec
1257 2279 1410 2309 Carteiae
1439 2278 1557 2309 Mam:
1586 2289 1648 2309 nec

323 2322 440 2352 cartiui
458 2321 518 2352 M:
543 2332 604 2352 nec
622 2322 751 2352 Cartini
769 2316 812 2351 Zl
829 2334 835 2353 :
862 2327 964 2360 negat
981 2324 1085 2353 artius
1100 2322 1204 2353 Boot:
1229 2333 1290 2353 nec
1312 2322 1468 2353 Carteiae
1486 2322 1546 2352 Cn.
1568 2323 1648 2353 coni.

322 2364 442 2396 Lamb.
577 2366 619 2395 28
645 2365 872 2396 Fulviniaster
894 2370 965 2396 ven.
997 2365 1138 2405 Tymcll:
1177 2366 1258 2397 fului
1284 2371 1407 2397 master
1437 2365 1501 2396 M:
1540 2365 1648 2396 fulmi-

325 2412 439 2439 naster
454 2407 626 2439 Schmidt:
643 2408 820 2448 φιλοτίμων
837 2408 966 2449 μαστὴρ
982 2410 1062 2441 coni.
1079 2409 1165 2440 Reid
