1827 2798
590 151 704 190 EPP.
735 151 813 189 AD
843 151 1104 191 ATTICVM
1442 151 1538 188 XII.
1561 150 1623 187 xii

185 261 362 313 peditam
390 261 526 301 iacere.
592 263 727 301 Insula
756 262 925 312 Arpinas
954 262 1100 301 habere
1128 268 1258 312 potest
1291 274 1517 311 germanam

185 328 416 375 ἀποθέωσιν;
455 328 525 366 sed
554 341 688 366 vereor
717 341 767 365 ne
798 328 989 366 minorem
1023 328 1132 377 τιμὴν
1163 327 1308 365 habere
1339 326 1517 364 videatur

185 394 417 442 ἐκτοπισμός.
477 393 548 429 Est
582 392 697 442 igitur
724 392 879 430 animus
909 392 950 430 in
979 392 1127 439 hortis;
1171 405 1270 442 quos
1301 399 1432 429 tamen
1462 391 1517 429 in-

185 457 346 507 spiciam
377 470 467 495 cum
497 470 651 495 venero.

146 541 162 573 5
239 525 301 561 De
341 522 524 572 Epicuro,
560 530 603 560 ut
636 524 768 571 voles;
815 522 887 561 etsi
920 522 1207 572 μεθαρμόσομαι
1239 521 1279 559 in
1313 529 1513 571 posterum
1533 532 1557 560 2

183 601 306 638 genus
341 589 417 626 hoc
447 601 713 638 personarum.
774 587 1011 626 Incredibile
1041 595 1099 626 est
1128 600 1247 637 quam
1277 600 1323 625 ea
1352 586 1514 636 quidam

183 652 391 702 requirant.
468 653 534 690 Ad
573 652 756 702 antiquos
795 652 933 702 igitur;
980 653 1208 702 ἀνεμέσητον
1244 653 1326 704 γάρ.
1404 650 1515 688 Nihil

183 717 312 756 habeo
351 718 402 756 ad
442 724 480 755 te
521 718 629 766 quod
659 717 838 764 scribam,
879 718 949 755 sed
996 724 1129 755 tamen
1175 715 1325 754 institui
1370 715 1515 753 cotidie

184 781 337 819 mittere
370 789 412 819 ut
446 780 600 819 eliciam
639 788 724 818 tuas
762 780 919 828 litteras,
960 794 1041 818 non
1079 794 1159 831 quo
1197 780 1346 830 aliquid
1384 793 1431 817 ex
1469 779 1514 817 iis

126 862 166 885 10
185 854 408 897 exspectem
432 847 501 884 sed
529 845 662 884 nescio
689 859 769 895 quo
797 847 918 884 modo
945 853 1078 885 tamen
1103 853 1297 896 exspecto.
1358 845 1448 893 Qua
1474 857 1514 882 re

184 911 264 950 sive
288 911 410 950 habes
438 910 534 962 quid
560 910 641 949 sive
666 910 721 950 nil
748 909 881 957 habes,
904 909 1031 949 scribe
1057 917 1191 949 tamen
1217 908 1366 959 aliquid
1396 915 1514 959 teque

183 988 285 1014 cura.

224 1122 342 1158 XIII
499 1123 570 1157 scr.
587 1123 734 1155 Asturae
748 1123 833 1156 Non.
854 1125 956 1156 Mart.
977 1135 1007 1157 a.
1030 1134 1089 1166 709
1108 1124 1192 1166 (45).

589 1213 762 1246 CICERO
783 1214 969 1246 ATTICO
991 1214 1099 1246 SAL.

235 1304 473 1344 Commovet
510 1316 574 1342 me
611 1302 769 1350 Attica;
819 1303 892 1341 etsi
929 1303 1129 1342 adsentior
1167 1304 1340 1343 Cratero.
1400 1302 1547 1342 Brutil

179 1368 328 1408 litterae
355 1368 521 1418 scriptae
550 1374 589 1407 et
614 1369 827 1418 prudenter
856 1376 894 1406 et
922 1368 1048 1407 amice
1078 1370 1220 1407 multas
1251 1368 1347 1406 mihi
1377 1376 1510 1407 tamen

179 1434 356 1473 lacrimas
394 1435 617 1472 attulerunt.
696 1435 766 1472 Me
804 1435 902 1473 haec
941 1434 1113 1472 solitudo
1158 1434 1287 1472 minus
1336 1433 1510 1472 stimulat

179 1513 297 1549 quam
322 1499 395 1537 ista
422 1498 637 1537 celebritas.
695 1500 755 1537 Te
781 1512 904 1536 unum
932 1498 1139 1546 desider03
1168 1499 1238 1537 sed
1265 1498 1400 1537 litteris
1427 1512 1509 1537 non

179 1563 373 1602 difficilius
411 1571 500 1602 utor
538 1576 657 1613 quam
691 1563 723 1601 si
761 1563 871 1601 domi
910 1576 1047 1601 essem.
1105 1564 1236 1602 Ardor
1274 1571 1405 1601 tamen
1444 1562 1509 1601 ille

121 1647 160 1668 20
178 1628 283 1667 idem
315 1636 424 1679 urget
454 1636 492 1667 et
522 1636 655 1667 manet
684 1642 766 1667 non
796 1642 859 1666 me
888 1629 1046 1667 hercule
1076 1627 1305 1678 indulgente
1339 1641 1403 1666 me
1437 1629 1507 1667 sed

178 1702 309 1733 tamen
339 1701 591 1744 repugnante.

231 1760 352 1808 Quod
377 1759 512 1797 scribis
533 1760 583 1797 de
604 1758 813 1808 Appuleio,
836 1758 933 1797 nihil
959 1766 1057 1809 puto
1084 1772 1183 1809 opus
1210 1772 1295 1797 esse
1322 1766 1389 1797 tua
1415 1772 1505 1797 con-
1523 1770 1548 1797 2

177 1823 352 1863 tentione
373 1837 446 1862 nec
468 1824 594 1862 Balbo
615 1830 654 1861 et
675 1823 832 1873 Oppio,
862 1824 1005 1874 quibus
1030 1823 1192 1873 quidem
1217 1823 1281 1862 ille
1308 1831 1506 1874 receperat

177 1888 352 1938 mihique
382 1888 499 1927 etiarn
529 1888 693 1927 iusserat
719 1889 889 1927 nuntiari
919 1903 960 1927 se
990 1890 1202 1927 molestum
1232 1888 1396 1927 omnino
1425 1902 1507 1927 non

119 1968 156 2000 ²5
177 1954 361 1991 futurum.
415 1954 493 1991 Sed
514 1966 607 1991 cura
626 1960 668 1991 ut
689 1966 850 1991 excuser
869 1953 997 1992 morbi
1017 1966 1135 1991 causa
1154 1953 1194 1991 in
1215 1952 1298 1991 dies
1320 1953 1504 2003 singulos.

178 2019 330 2055 Laenas
351 2018 428 2055 hoc
447 2024 656 2066 receperat.
716 2018 870 2056 Prende
892 2018 936 2057 C.
960 2017 1205 2067 Septimium,
1231 2018 1273 2055 L.
1297 2017 1503 2056 Statilium.

123 1323 160 1355 15

219 2130 238 2150 2
263 2120 323 2151 sed
344 2130 466 2151 vereor
489 2130 532 2150 ne
556 2121 719 2151 minorem
742 2120 837 2159 τιμὴν
854 2123 878 2152 Σ
902 2131 929 2152 v.
950 2132 972 2151 c.
991 2120 1078 2151 Cmt.
1099 2121 1132 2151 F
1147 2121 1295 2161 idemque
1308 2121 1379 2160 sere
1398 2121 1479 2152 Ant.
1499 2133 1505 2152 :

177 2174 242 2194 om.
263 2169 291 2193 Δ
474 2172 494 2201 3
518 2163 707 2201 ἐκτοπισμός
735 2163 878 2194 Lamb.:
917 2167 1162 2195 EKTONIMOC
1188 2165 1245 2194 M:
1283 2164 1449 2201 ἐκτόπιμος
1475 2164 1508 2195 Ζ

176 2206 306 2245 tamen]
325 2211 394 2236 tum
418 2206 518 2237 Orelli
658 2217 677 2246 5
703 2207 870 2246 Epicureo
890 2207 993 2237 Orelli
1137 2208 1157 2237 8
1180 2208 1322 2238 scribam
1348 2213 1371 2239 Σ
1390 2208 1476 2239 Crat.
1496 2220 1504 2239 :

177 2250 382 2290 perscribam
400 2253 427 2279 Δ
589 2260 624 2279 ΙΙ
650 2251 729 2289 quid
747 2250 819 2280 sive
844 2251 890 2280 nil
912 2251 1016 2280 habes
1035 2250 1082 2281 C:
1115 2261 1179 2281 om.
1200 2251 1241 2280 M
1397 2253 1446 2285 18,
1464 2261 1503 2290 19

176 2295 235 2324 scd
259 2294 322 2324 etsi
347 2294 395 2333 (et
411 2293 458 2323 F:
489 2292 515 2323 si
532 2292 569 2332 I)
589 2293 708 2324 litteris
725 2317 732 2324 .
751 2317 759 2324 .
780 2319 786 2325 .
805 2304 925 2328 essem,
946 2294 1046 2324 ardor
1065 2293 1271 2335 Wesenbeag:
1299 2305 1365 2326 om.
1385 2295 1446 2325 etsi
1465 2295 1507 2324 M

176 2347 218 2367 20
244 2337 326 2367 idem
346 2340 369 2367 Σ
386 2347 414 2367 v.
432 2347 454 2367 c.
474 2335 502 2366 L
521 2336 660 2377 (mmg.)
682 2336 767 2368 Crat.
785 2348 791 2366 :
817 2347 882 2368 om.
896 2342 925 2367 Δ
1013 2347 1052 2367 21
1075 2342 1186 2368 tamen
1205 2348 1273 2368 non
1291 2343 1503 2377 repugnante

175 2380 354 2411 Ascensius
371 2390 377 2410 :
402 2385 611 2420 repugnante
628 2384 741 2411 tamen
765 2380 888 2421 Tyrrell
901 2392 907 2412 :
931 2381 1031 2411 etiam
1049 2386 1261 2421 repugnante
1277 2382 1355 2414 coni.
1375 2381 1461 2412 Reid
