1827 2798
589 143 702 181 EPP.
734 144 812 180 AD
843 145 1104 183 ATTICVM
1429 147 1526 185 XII.
1551 146 1660 184 xviii

184 251 281 290 mihi
310 252 500 302 ignoscas,
529 252 769 292 cuicuimodi
799 261 866 293 est.
927 254 1086 293 Etenim
1113 255 1242 295 habeo
1269 269 1349 295 non
1378 258 1508 296 nullos

184 331 230 355 ex
251 317 295 355 iis
316 331 415 367 quos
436 331 542 356 nunc
563 318 696 357 lectito
716 327 895 357 auctores
916 319 983 370 qui
1008 320 1142 358 dicant
1165 321 1247 359 fieri
1268 321 1308 360 id
1329 329 1508 371 oportere

183 383 291 432 quod
319 396 435 432 saepe
462 391 593 421 tecum
615 383 675 432 egi
696 391 734 422 et
755 385 863 433 quod
884 397 906 422 a
927 392 964 422 te
990 385 1198 434 approbari
1218 387 1322 434 volo,
1342 387 1393 424 de
1416 387 1508 424 fano

183 446 249 484 illo
270 447 372 494 dico,
395 449 445 485 de
470 461 549 497 quo
577 455 730 486 tantum
761 457 952 498 quantum
982 463 1044 487 me
1070 463 1178 487 amas
1205 450 1321 488 velim
1347 450 1505 500 cogites.

145 522 162 552 5
184 511 381 561 Equidem
403 526 531 562 neque
553 514 602 551 de
622 527 764 562 genere
786 513 926 551 dubito
949 514 1094 564 (placet
1116 514 1220 552 enim
1242 515 1338 552 mihi
1360 515 1507 566 Cluati)

181 589 310 625 neque
335 577 384 614 de
414 591 453 615 re
478 577 685 627 (statutum
716 586 774 616 est
804 578 939 628 enim),
969 580 1018 617 de
1047 581 1136 618 loco
1165 593 1245 618 non
1276 594 1504 630 numquam.

180 640 311 678 Velim
346 641 459 690 igitur
493 641 651 691 cogites.
713 644 810 692 Ego,
843 651 1034 692 quantum
1065 643 1124 681 his
1154 644 1397 694 temporibus
1427 652 1507 682 tam

180 705 341 743 eruditis
362 706 443 744 fieri
464 706 644 756 potuerit,
662 708 838 756 profecto
859 707 964 745 illam
982 709 1222 747 consecrabo
1238 709 1346 747 omni
1366 723 1508 759 genere

180 770 516 808 monimentorum
542 771 592 808 ab
614 771 792 809 omnium
821 771 986 821 ingeniis
1011 780 1257 822 sumptorum
1282 781 1320 811 et
1341 774 1508 812 Graeco-

123 850 161 872 10
179 847 264 871 rum
286 843 323 872 et
345 834 588 874 Latinorum.
648 837 762 884 Quae
783 850 842 874 res
864 836 1024 875 forsitan
1049 837 1096 875 sit
1123 837 1344 876 refricatura
1364 839 1506 876 vulnus

179 912 325 936 meum.
383 900 462 937 Sed
488 899 566 937 iam
587 900 698 950 quasi
718 909 811 939 voto
832 902 1006 950 quodam
1028 909 1065 939 et
1086 902 1278 952 promisso
1299 916 1361 940 me
1382 902 1504 941 teneri

178 971 285 1013 puto,
305 965 546 1015 longumque
567 964 663 1003 illud
684 973 839 1015 tempus
856 979 945 1003 cum
967 979 1047 1003 non
1064 979 1129 1004 ero
1146 966 1267 1016 magis
1289 980 1352 1004 me
1373 974 1505 1005 movet

178 1040 297 1077 quam
319 1029 395 1066 hoc
417 1029 609 1078 exiguum,
634 1030 742 1078 quod
763 1028 859 1066 mihi
881 1037 1012 1067 tamen
1033 1029 1198 1067 nimium
1220 1031 1380 1080 longum
1402 1031 1505 1069 vide·

178 1100 249 1130 tur.
310 1094 456 1131 Habeo
490 1092 596 1131 enim
630 1092 727 1130 nihil
759 1093 958 1142 temptatis
990 1094 1105 1131 rebus
1137 1094 1321 1132 omnibus
1352 1094 1393 1132 in
1424 1108 1504 1144 quo

123 1172 160 1203 15
179 1156 438 1206 acquiescam.
497 1159 601 1195 Nam
630 1158 726 1195 dum
754 1157 851 1195 illud
877 1158 1091 1196 tractabam
1113 1159 1162 1196 de
1183 1171 1263 1208 quo
1283 1160 1334 1197 ad
1355 1166 1392 1197 te
1412 1167 1503 1198 ante

177 1220 323 1269 scripsi,
353 1220 464 1270 quasi
492 1221 675 1259 fovebam
705 1222 861 1260 dolores
892 1235 1026 1269 meos3
1066 1235 1172 1260 nunc
1199 1222 1332 1261 omnia
1360 1237 1503 1272 respuo

176 1298 249 1323 nec
270 1285 483 1335 quicquam
504 1287 634 1324 habeo
655 1286 894 1325 tolerabilius
916 1300 1034 1336 quarn
1062 1287 1315 1326 solitudinem
1330 1303 1340 1335 3
1370 1302 1501 1338 quam,

175 1350 285 1399 quod
306 1363 411 1388 eram
433 1350 587 1397 veritus,
610 1364 691 1389 non
712 1351 936 1389 obturbavit
958 1351 1172 1401 Philippus.
1232 1353 1337 1391 Nam
1357 1360 1399 1391 ut
1420 1353 1503 1391 heri

175 1427 240 1452 me
261 1415 451 1462 salutavit,
476 1415 607 1453 statim
629 1417 800 1453 Romam
823 1417 1019 1465 profectus
1041 1424 1108 1454 est.

118 1495 158 1518 20
230 1479 452 1529 Epistulam
491 1495 611 1530 quam
648 1482 700 1519 ad
736 1482 911 1528 Brutum,
944 1488 987 1518 ut
1021 1480 1091 1518 tibi
1124 1482 1337 1530 placuerat,
1366 1482 1544 1533 scripsi2

175 1544 263 1583 misi
292 1547 342 1584 ad
372 1555 420 1585 te.
481 1547 647 1586 Curabis
678 1560 769 1585 cum
801 1554 867 1584 tua
898 1548 1180 1596 perferendam.
1242 1547 1337 1586 Eius
1369 1556 1501 1587 tamen

176 1610 263 1648 misi
283 1613 333 1650 ad
355 1620 392 1650 te
413 1614 636 1662 exemplum
658 1620 709 1659 ut,
734 1611 766 1650 si
788 1611 916 1649 minus
937 1613 1118 1660 placeret,
1141 1626 1191 1650 ne
1212 1612 1394 1652 mitteres.

230 1677 460 1716 Domestica
481 1679 590 1727 quod
610 1677 666 1716 ais
688 1676 826 1715 ordine
849 1676 1111 1715 administrari
1136 1677 1281 1715 scribes
1302 1691 1403 1727 quae
1427 1678 1503 1717 sint
1522 1687 1547 1724 3

175 1754 232 1779 ea.
281 1743 489 1791 Quaedam
511 1743 617 1782 enim
639 1750 834 1793 exspecto.
894 1741 1087 1781 Cocceius
1108 1741 1198 1780 vide
1219 1756 1269 1781 ne
1289 1744 1503 1783 frustretur.

119 1816 155 1847 25
176 1808 279 1845 Nam
310 1807 411 1847 Libo
441 1810 550 1858 quod
579 1808 795 1858 pollicetur,
825 1814 868 1845 ut
899 1808 998 1845 Eros
1028 1806 1171 1853 scribit,
1201 1821 1282 1845 non
1311 1807 1503 1847 incertum

174 1880 281 1921 puto.
342 1876 404 1912 De
434 1882 536 1913 sorte
566 1887 654 1912 mea
682 1873 856 1923 Sulpicio
887 1873 1048 1911 confido
1078 1881 1115 1911 et
1145 1873 1313 1923 Egnatio
1342 1873 1502 1913 scilicet.

176 1939 238 1976 De
272 1938 469 1989 Appuleio
508 1938 604 1990 quid
642 1946 700 1977 est
739 1939 848 1989 quod
886 1938 1051 1986 labores,
1088 1951 1179 1976 cum
1217 1938 1266 1976 sit
1304 1938 1503 1977 excusatio

175 2002 297 2040 facilis
313 2005 329 2040 ?

229 2067 321 2106 Tibi
351 2069 402 2107 ad
432 2082 495 2107 me
523 2067 666 2115 venire,
694 2076 738 2107 ut
769 2067 956 2115 ostendis,
979 2068 1070 2106 vide
1102 2082 1153 2106 ne
1187 2082 1268 2106 non
1300 2068 1347 2106 sit
1376 2068 1499 2107 facile.
1518 2079 1544 2116 4

117 2141 156 2171 30
177 2134 248 2171 Est
278 2133 384 2171 enim
418 2135 580 2183 longum
611 2133 683 2172 iter
712 2133 1064 2182 discedentemque
1103 2141 1152 2180 te,
1185 2135 1294 2183 quod
1329 2133 1504 2172 celeriter

175 2197 246 2236 tibi
270 2198 341 2236 erit
368 2199 530 2238 fortasse
560 2198 798 2246 faciendum,
820 2211 902 2236 non
930 2197 1013 2236 sine
1043 2211 1187 2248 magno
1213 2200 1349 2237 dolore
1375 2198 1503 2237 dimit-

221 2312 234 2331 1
261 2302 462 2332 cuicuimodi
480 2313 508 2332 v.
523 2313 545 2332 c.
560 2302 588 2332 L
603 2301 743 2343 (marg.)
756 2296 824 2333 Zb:
851 2301 998 2332 cuimodi
1019 2300 1064 2332 C:
1089 2302 1274 2332 cuiusmodi
1292 2301 1330 2331 M
1481 2303 1502 2332 8

173 2346 321 2384 potuerit
335 2345 392 2377 M:
420 2347 544 2385 poterit
561 2346 649 2385 vulg.
778 2357 799 2385 9
824 2350 1117 2375 monumentorum
1136 2346 1265 2376 ornabo
1285 2346 1434 2375 omniurn
1451 2346 1502 2375 in-

173 2389 281 2427 geniis
297 2390 498 2428 scriptorum
517 2389 653 2419 Palmer
739 2393 949 2428 sumptorum
968 2391 991 2420 Σ
1008 2388 1108 2420 Rom.
1130 2400 1137 2420 t
1162 2389 1364 2428 scriptorum
1381 2394 1410 2420 Δ
