<?xml version="1.0" encoding="UTF-8"?>
<!DOCTYPE html PUBLIC "-//W3C//DTD XHTML 1.0 Transitional//EN"
    "http://www.w3.org/TR/xhtml1/DTD/xhtml1-transitional.dtd">
<html xmlns="http://www.w3.org/1999/xhtml" xml:lang="en" lang="en">
 <head>
  <title>
</title>
<meta http-equiv="Content-Type" content="text/html;charset=utf-8" />
  <meta name='ocr-system' content='tesseract 3.04.00' />
  <meta name='ocr-capabilities' content='ocr_page ocr_carea ocr_par ocr_line ocrx_word'/>
</head>
<body>
  <div class='ocr_page' id='page_1' title='image "./epistulaerecogno0202ciceuoft_0281.png"; bbox 0 0 1827 2798; ppageno 0'>
   <div class='ocr_carea' id='block_1_1' title="bbox 111 823 147 845">
    <p class='ocr_par' dir='ltr' id='par_1_1' title="bbox 111 823 147 845">
     <span class='ocr_line' id='line_1_1' title="bbox 111 823 147 845; baseline 0 0"><span class='ocrx_word' id='word_1_1' title='bbox 111 823 147 845; x_wconf 91' lang='lat'>10</span> 
     </span>
    </p>
   </div>
   <div class='ocr_carea' id='block_1_2' title="bbox 112 1147 148 1180">
    <p class='ocr_par' dir='ltr' id='par_1_2' title="bbox 112 1147 148 1180">
     <span class='ocr_line' id='line_1_2' title="bbox 112 1147 148 1180; baseline 0 0"><span class='ocrx_word' id='word_1_2' title='bbox 112 1147 148 1180; x_wconf 62' lang='grc' dir='ltr'>τε</span> 
     </span>
    </p>
   </div>
   <div class='ocr_carea' id='block_1_3' title="bbox 111 1473 149 1495">
    <p class='ocr_par' dir='ltr' id='par_1_3' title="bbox 111 1473 149 1495">
     <span class='ocr_line' id='line_1_3' title="bbox 111 1473 149 1495; baseline -0.026 0"><span class='ocrx_word' id='word_1_3' title='bbox 111 1473 149 1495; x_wconf 86' lang='grc'>20</span> 
     </span>
    </p>
   </div>
   <div class='ocr_carea' id='block_1_4' title="bbox 110 2127 153 2158">
    <p class='ocr_par' dir='ltr' id='par_1_4' title="bbox 110 2127 153 2158">
     <span class='ocr_line' id='line_1_4' title="bbox 110 2127 153 2158; baseline 0 -10"><span class='ocrx_word' id='word_1_4' title='bbox 110 2127 153 2158; x_wconf 81' lang='grc'>30</span> 
     </span>
    </p>
   </div>
   <div class='ocr_carea' id='block_1_5' title="bbox 583 116 1597 155">
    <p class='ocr_par' dir='ltr' id='par_1_5' title="bbox 583 116 1597 155">
     <span class='ocr_line' id='line_1_5' title="bbox 583 116 1597 155; baseline -0.001 -2"><span class='ocrx_word' id='word_1_5' title='bbox 583 116 693 153; x_wconf 76' lang='grc' dir='ltr'><em>ΕΡΡ.</em></span> <span class='ocrx_word' id='word_1_6' title='bbox 727 117 803 153; x_wconf 72' lang='grc' dir='ltr'>ΑΙ)</span> <span class='ocrx_word' id='word_1_7' title='bbox 833 116 1092 155; x_wconf 83' lang='lat' dir='ltr'><strong>ATTICVM</strong></span> <span class='ocrx_word' id='word_1_8' title='bbox 1424 116 1533 152; x_wconf 61' lang='lat' dir='ltr'>XVI.</span> <span class='ocrx_word' id='word_1_9' title='bbox 1554 117 1597 152; x_wconf 77' lang='lat' dir='ltr'>vi</span> 
     </span>
    </p>
   </div>
   <div class='ocr_carea' id='block_1_6' title="bbox 166 226 1543 1772">
    <p class='ocr_par' dir='ltr' id='par_1_6' title="bbox 166 226 1543 1184">
     <span class='ocr_line' id='line_1_6' title="bbox 169 226 1496 277; baseline -0.002 -11"><span class='ocrx_word' id='word_1_10' title='bbox 169 229 454 277; x_wconf 79' lang='lat' dir='ltr'>Leucopetram</span> <span class='ocrx_word' id='word_1_11' title='bbox 495 228 799 266; x_wconf 82' lang='lat' dir='ltr'>Tarentinorum</span> <span class='ocrx_word' id='word_1_12' title='bbox 838 237 957 277; x_wconf 84' lang='lat' dir='ltr'>atque</span> <span class='ocrx_word' id='word_1_13' title='bbox 1001 227 1093 265; x_wconf 89' lang='lat' dir='ltr'>inde</span> <span class='ocrx_word' id='word_1_14' title='bbox 1133 228 1342 277; x_wconf 83' lang='lat' dir='ltr'>Corcyram</span> <span class='ocrx_word' id='word_1_15' title='bbox 1385 234 1433 272; x_wconf 87' lang='lat' dir='ltr'>et,</span> <span class='ocrx_word' id='word_1_16' title='bbox 1468 226 1496 264; x_wconf 85' lang='lat' dir='ltr'>si</span> 
     </span>
     <span class='ocr_line' id='line_1_7' title="bbox 166 291 1495 343; baseline -0.001 -13"><span class='ocrx_word' id='word_1_17' title='bbox 166 292 351 338; x_wconf 84' lang='lat' dir='ltr'>oneraria,</span> <span class='ocrx_word' id='word_1_18' title='bbox 376 293 558 332; x_wconf 73' lang='lat' dir='ltr'>statimne</span> <span class='ocrx_word' id='word_1_19' title='bbox 580 295 677 331; x_wconf 86' lang='lat' dir='ltr'>freto</span> <span class='ocrx_word' id='word_1_20' title='bbox 698 307 746 330; x_wconf 87' lang='lat' dir='ltr'>an</span> <span class='ocrx_word' id='word_1_21' title='bbox 770 293 977 342; x_wconf 78' lang='lat' dir='ltr'>Syracusis.</span> <span class='ocrx_word' id='word_1_22' title='bbox 1022 294 1111 331; x_wconf 90' lang='lat' dir='ltr'>Hac</span> <span class='ocrx_word' id='word_1_23' title='bbox 1132 306 1249 343; x_wconf 86' lang='lat' dir='ltr'>super</span> <span class='ocrx_word' id='word_1_24' title='bbox 1269 306 1308 330; x_wconf 91' lang='lat' dir='ltr'>re</span> <span class='ocrx_word' id='word_1_25' title='bbox 1329 291 1495 330; x_wconf 86' lang='lat' dir='ltr'>scribam</span> 
     </span>
     <span class='ocr_line' id='line_1_8' title="bbox 166 358 432 407; baseline 0 -12"><span class='ocrx_word' id='word_1_26' title='bbox 166 359 215 395; x_wconf 80' lang='lat' dir='ltr'>ad</span> <span class='ocrx_word' id='word_1_27' title='bbox 238 367 275 395; x_wconf 88' lang='lat' dir='ltr'>te</span> <span class='ocrx_word' id='word_1_28' title='bbox 298 358 432 407; x_wconf 83' lang='lat' dir='ltr'>Regio.</span> 
     </span>
     <span class='ocr_line' id='line_1_9' title="bbox 224 422 1542 472; baseline -0.001 -12"><span class='ocrx_word' id='word_1_29' title='bbox 224 424 290 460; x_wconf 84' lang='lat' dir='ltr'>Me</span> <span class='ocrx_word' id='word_1_30' title='bbox 316 423 483 469; x_wconf 80' lang='lat' dir='ltr'>hercule,</span> <span class='ocrx_word' id='word_1_31' title='bbox 508 422 560 460; x_wconf 92' lang='lat' dir='ltr'>mi</span> <span class='ocrx_word' id='word_1_32' title='bbox 582 423 722 468; x_wconf 80' lang='lat' dir='ltr'>Attice,</span> <span class='ocrx_word' id='word_1_33' title='bbox 748 436 864 472; x_wconf 82' lang='lat' dir='ltr'>saepe</span> <span class='ocrx_word' id='word_1_34' title='bbox 886 435 1054 469; x_wconf 89' lang='lat' dir='ltr'>mecum,</span> <span class='ocrx_word' id='word_1_35' title='bbox 1518 438 1542 464; x_wconf 87' lang='lat'>2</span> 
     </span>
     <span class='ocr_line' id='line_1_10' title="bbox 517 487 1150 536; baseline 0 -11"><span class='ocrx_word' id='word_1_36' title='bbox 517 487 564 524; x_wconf 69' lang='lat' dir='ltr'>‘H</span> <span class='ocrx_word' id='word_1_37' title='bbox 594 487 686 536; x_wconf 69' lang='grc' dir='ltr'>δεῦρ’</span> <span class='ocrx_word' id='word_1_38' title='bbox 715 488 796 527; x_wconf 79' lang='grc' dir='ltr'><strong>ὁδός</strong></span> <span class='ocrx_word' id='word_1_39' title='bbox 826 505 887 525; x_wconf 84' lang='grc' dir='ltr'>σοι</span> <span class='ocrx_word' id='word_1_40' title='bbox 916 488 954 525; x_wconf 85' lang='grc' dir='ltr'>τί</span> <span class='ocrx_word' id='word_1_41' title='bbox 979 488 1126 525; x_wconf 71' lang='grc' dir='ltr'>δύναται</span> <span class='ocrx_word' id='word_1_42' title='bbox 1142 505 1150 530; x_wconf 88' lang='grc'><strong><em>;</em></strong></span> 
     </span>
     <span class='ocr_line' id='line_1_11' title="bbox 168 551 1494 601; baseline 0.001 -12"><span class='ocrx_word' id='word_1_43' title='bbox 168 553 248 591; x_wconf 81' lang='lat' dir='ltr'>Cur</span> <span class='ocrx_word' id='word_1_44' title='bbox 269 566 340 601; x_wconf 83' lang='lat' dir='ltr'>ego</span> <span class='ocrx_word' id='word_1_45' title='bbox 362 561 492 590; x_wconf 90' lang='lat' dir='ltr'>tecum</span> <span class='ocrx_word' id='word_1_46' title='bbox 515 566 594 590; x_wconf 91' lang='lat' dir='ltr'>non</span> <span class='ocrx_word' id='word_1_47' title='bbox 616 554 732 589; x_wconf 82' lang='lat' dir='ltr'>sum?</span> <span class='ocrx_word' id='word_1_48' title='bbox 762 566 829 590; x_wconf 88' lang='lat' dir='ltr'>cur</span> <span class='ocrx_word' id='word_1_49' title='bbox 856 553 1001 590; x_wconf 75' lang='lat' dir='ltr'><strong>ocellos</strong></span> <span class='ocrx_word' id='word_1_50' title='bbox 1031 552 1177 600; x_wconf 88' lang='lat' dir='ltr'>Italiae,</span> <span class='ocrx_word' id='word_1_51' title='bbox 1201 551 1351 590; x_wconf 87' lang='lat' dir='ltr'>villulas</span> <span class='ocrx_word' id='word_1_52' title='bbox 1377 566 1494 599; x_wconf 82' lang='lat' dir='ltr'>meas,</span> 
     </span>
     <span class='ocr_line' id='line_1_12' title="bbox 167 616 1495 666; baseline 0.002 -13"><span class='ocrx_word' id='word_1_53' title='bbox 167 630 247 654; x_wconf 89' lang='lat' dir='ltr'>non</span> <span class='ocrx_word' id='word_1_54' title='bbox 282 616 427 654; x_wconf 82' lang='lat' dir='ltr'>video?</span> <span class='ocrx_word' id='word_1_55' title='bbox 484 618 562 655; x_wconf 84' lang='lat' dir='ltr'>Sed</span> <span class='ocrx_word' id='word_1_56' title='bbox 600 616 640 654; x_wconf 88' lang='lat' dir='ltr'>id</span> <span class='ocrx_word' id='word_1_57' title='bbox 675 618 768 653; x_wconf 72' lang='lat' dir='ltr'>safss</span> <span class='ocrx_word' id='word_1_58' title='bbox 803 630 997 666; x_wconf 76' lang='lat' dir='ltr'>superque</span> <span class='ocrx_word' id='word_1_59' title='bbox 1032 624 1162 655; x_wconf 89' lang='lat' dir='ltr'>tecum</span> <span class='ocrx_word' id='word_1_60' title='bbox 1193 630 1256 654; x_wconf 90' lang='lat' dir='ltr'>me</span> <span class='ocrx_word' id='word_1_61' title='bbox 1289 631 1368 655; x_wconf 91' lang='lat' dir='ltr'>non</span> <span class='ocrx_word' id='word_1_62' title='bbox 1400 631 1495 663; x_wconf 85' lang='lat' dir='ltr'>esse,</span> 
     </span>
     <span class='ocr_line' id='line_1_13' title="bbox 166 680 1496 730; baseline 0 -12"><span class='ocrx_word' id='word_1_63' title='bbox 166 680 261 730; x_wconf 86' lang='lat' dir='ltr'>quid</span> <span class='ocrx_word' id='word_1_64' title='bbox 292 680 536 729; x_wconf 77' lang='lat' dir='ltr'>fugientem?</span> <span class='ocrx_word' id='word_1_65' title='bbox 574 680 873 730; x_wconf 85' lang='lat' dir='ltr'>periculumne?</span> <span class='ocrx_word' id='word_1_66' title='bbox 929 682 982 718; x_wconf 89' lang='lat' dir='ltr'>At</span> <span class='ocrx_word' id='word_1_67' title='bbox 1012 680 1051 718; x_wconf 89' lang='lat' dir='ltr'>id</span> <span class='ocrx_word' id='word_1_68' title='bbox 1083 695 1189 719; x_wconf 90' lang='lat' dir='ltr'>nunc</span> <span class='ocrx_word' id='word_1_69' title='bbox 1220 681 1391 730; x_wconf 88' lang='lat' dir='ltr'>quidem,</span> <span class='ocrx_word' id='word_1_70' title='bbox 1425 681 1496 719; x_wconf 78' lang='lat' dir='ltr'>nisi</span> 
     </span>
     <span class='ocr_line' id='line_1_14' title="bbox 166 744 1499 793; baseline 0 -10"><span class='ocrx_word' id='word_1_71' title='bbox 166 747 287 792; x_wconf 85' lang='lat' dir='ltr'>fallor,</span> <span class='ocrx_word' id='word_1_72' title='bbox 311 746 462 782; x_wconf 88' lang='lat' dir='ltr'>nullum</span> <span class='ocrx_word' id='word_1_73' title='bbox 494 752 561 782; x_wconf 76' lang='lat' dir='ltr'>est.</span> <span class='ocrx_word' id='word_1_74' title='bbox 622 745 684 782; x_wconf 78' lang='lat' dir='ltr'>Ad</span> <span class='ocrx_word' id='word_1_75' title='bbox 716 744 844 793; x_wconf 87' lang='lat' dir='ltr'>ipsum</span> <span class='ocrx_word' id='word_1_76' title='bbox 876 744 980 782; x_wconf 87' lang='lat' dir='ltr'>enim</span> <span class='ocrx_word' id='word_1_77' title='bbox 1013 753 1167 783; x_wconf 80' lang='lat' dir='ltr'>revocat</span> <span class='ocrx_word' id='word_1_78' title='bbox 1200 759 1262 783; x_wconf 91' lang='lat' dir='ltr'>me</span> <span class='ocrx_word' id='word_1_79' title='bbox 1290 746 1499 784; x_wconf 81' lang='lat' dir='ltr'>auctoritas</span> 
     </span>
     <span class='ocr_line' id='line_1_15' title="bbox 168 808 1497 858; baseline 0 -10"><span class='ocrx_word' id='word_1_80' title='bbox 168 818 257 856; x_wconf 81' lang='lat' dir='ltr'>tua:</span> <span class='ocrx_word' id='word_1_81' title='bbox 288 808 423 847; x_wconf 83' lang='lat' dir='ltr'>scribis</span> <span class='ocrx_word' id='word_1_82' title='bbox 453 808 558 846; x_wconf 89' lang='lat' dir='ltr'>enim</span> <span class='ocrx_word' id='word_1_83' title='bbox 589 808 628 845; x_wconf 92' lang='lat' dir='ltr'>in</span> <span class='ocrx_word' id='word_1_84' title='bbox 656 810 807 846; x_wconf 87' lang='lat' dir='ltr'>caelum</span> <span class='ocrx_word' id='word_1_85' title='bbox 838 808 923 846; x_wconf 82' lang='lat' dir='ltr'>ferri</span> <span class='ocrx_word' id='word_1_86' title='bbox 958 809 1241 858; x_wconf 85' lang='lat' dir='ltr'>profectionem</span> <span class='ocrx_word' id='word_1_87' title='bbox 1272 824 1398 848; x_wconf 89' lang='lat' dir='ltr'>meam</span> <span class='ocrx_word' id='word_1_88' title='bbox 1431 812 1497 848; x_wconf 85' lang='lat' dir='ltr'>sed</span> 
     </span>
     <span class='ocr_line' id='line_1_16' title="bbox 168 873 1498 923; baseline 0.001 -11"><span class='ocrx_word' id='word_1_89' title='bbox 168 874 219 912; x_wconf 85' lang='lat' dir='ltr'>ita</span> <span class='ocrx_word' id='word_1_90' title='bbox 250 873 279 911; x_wconf 85' lang='lat' dir='ltr'>si</span> <span class='ocrx_word' id='word_1_91' title='bbox 310 882 400 911; x_wconf 83' lang='lat' dir='ltr'>ante</span> <span class='ocrx_word' id='word_1_92' title='bbox 433 875 481 910; x_wconf 80' lang='lat' dir='ltr'>K.</span> <span class='ocrx_word' id='word_1_93' title='bbox 508 874 660 911; x_wconf 82' lang='lat' dir='ltr'>Ianuar.</span> <span class='ocrx_word' id='word_1_94' title='bbox 693 875 876 915; x_wconf 51' lang='lat' dir='ltr'>redonum</span> <span class='ocrx_word' id='word_1_95' title='bbox 907 875 1014 921; x_wconf 86' lang='lat' dir='ltr'>quod</span> <span class='ocrx_word' id='word_1_96' title='bbox 1045 874 1205 923; x_wconf 85' lang='lat' dir='ltr'>quidem</span> <span class='ocrx_word' id='word_1_97' title='bbox 1235 883 1338 913; x_wconf 86' lang='lat' dir='ltr'>certe</span> <span class='ocrx_word' id='word_1_98' title='bbox 1366 875 1498 913; x_wconf 86' lang='lat' dir='ltr'>enitar.</span> 
     </span>
     <span class='ocr_line' id='line_1_17' title="bbox 170 938 1501 988; baseline 0.001 -11"><span class='ocrx_word' id='word_1_99' title='bbox 170 941 280 977; x_wconf 77' lang='lat' dir='ltr'>Malo</span> <span class='ocrx_word' id='word_1_100' title='bbox 310 938 413 976; x_wconf 91' lang='lat' dir='ltr'>enim</span> <span class='ocrx_word' id='word_1_101' title='bbox 445 939 505 977; x_wconf 80' lang='lat' dir='ltr'>vel</span> <span class='ocrx_word' id='word_1_102' title='bbox 537 952 627 976; x_wconf 91' lang='lat' dir='ltr'>cum</span> <span class='ocrx_word' id='word_1_103' title='bbox 659 938 797 976; x_wconf 89' lang='lat' dir='ltr'>timore</span> <span class='ocrx_word' id='word_1_104' title='bbox 831 938 940 976; x_wconf 89' lang='lat' dir='ltr'>domi</span> <span class='ocrx_word' id='word_1_105' title='bbox 974 952 1058 977; x_wconf 77' lang='lat' dir='ltr'>esse</span> <span class='ocrx_word' id='word_1_106' title='bbox 1094 953 1212 988; x_wconf 90' lang='lat' dir='ltr'>quam</span> <span class='ocrx_word' id='word_1_107' title='bbox 1248 940 1331 978; x_wconf 82' lang='lat' dir='ltr'>sine</span> <span class='ocrx_word' id='word_1_108' title='bbox 1364 940 1501 979; x_wconf 87' lang='lat' dir='ltr'>timore</span> 
     </span>
     <span class='ocr_line' id='line_1_18' title="bbox 168 1002 1500 1054; baseline 0.002 -14"><span class='ocrx_word' id='word_1_109' title='bbox 168 1003 335 1041; x_wconf 77' lang='lat' dir='ltr'>Athenis</span> <span class='ocrx_word' id='word_1_110' title='bbox 357 1003 443 1040; x_wconf 82' lang='lat' dir='ltr'>tuis.</span> <span class='ocrx_word' id='word_1_111' title='bbox 503 1004 581 1041; x_wconf 84' lang='lat' dir='ltr'>Sed</span> <span class='ocrx_word' id='word_1_112' title='bbox 598 1010 729 1041; x_wconf 86' lang='lat' dir='ltr'>tamen</span> <span class='ocrx_word' id='word_1_113' title='bbox 754 1002 931 1053; x_wconf 82' lang='lat' dir='ltr'>perspice</span> <span class='ocrx_word' id='word_1_114' title='bbox 956 1017 1036 1052; x_wconf 90' lang='lat' dir='ltr'>quo</span> <span class='ocrx_word' id='word_1_115' title='bbox 1059 1003 1130 1041; x_wconf 85' lang='lat' dir='ltr'>ista</span> <span class='ocrx_word' id='word_1_116' title='bbox 1146 1012 1304 1053; x_wconf 70' lang='lat' dir='ltr'>vergant</span> <span class='ocrx_word' id='word_1_117' title='bbox 1327 1004 1500 1054; x_wconf 83' lang='lat' dir='ltr'>mihique</span> 
     </span>
     <span class='ocr_line' id='line_1_19' title="bbox 168 1068 1497 1118; baseline 0.001 -11"><span class='ocrx_word' id='word_1_118' title='bbox 168 1077 233 1107; x_wconf 83' lang='lat' dir='ltr'>aut</span> <span class='ocrx_word' id='word_1_119' title='bbox 249 1068 374 1106; x_wconf 82' lang='lat' dir='ltr'>scribe</span> <span class='ocrx_word' id='word_1_120' title='bbox 390 1077 470 1115; x_wconf 79' lang='lat' dir='ltr'>aut,</span> <span class='ocrx_word' id='word_1_121' title='bbox 487 1070 594 1118; x_wconf 86' lang='lat' dir='ltr'>quod</span> <span class='ocrx_word' id='word_1_122' title='bbox 614 1070 738 1107; x_wconf 88' lang='lat' dir='ltr'>multo</span> <span class='ocrx_word' id='word_1_123' title='bbox 756 1068 903 1116; x_wconf 79' lang='lat' dir='ltr'>malim,</span> <span class='ocrx_word' id='word_1_124' title='bbox 918 1069 1028 1106; x_wconf 83' lang='lat' dir='ltr'>adfer</span> <span class='ocrx_word' id='word_1_125' title='bbox 1042 1068 1135 1118; x_wconf 86' lang='lat' dir='ltr'>ipse.</span> <span class='ocrx_word' id='word_1_126' title='bbox 1170 1071 1283 1107; x_wconf 87' lang='lat' dir='ltr'>Haec</span> <span class='ocrx_word' id='word_1_127' title='bbox 1298 1071 1497 1108; x_wconf 88' lang='lat' dir='ltr'>hactenus.</span> 
     </span>
     <span class='ocr_line' id='line_1_20' title="bbox 225 1133 1543 1184; baseline 0.001 -12"><span class='ocrx_word' id='word_1_128' title='bbox 225 1135 329 1172; x_wconf 88' lang='lat' dir='ltr'>Illud</span> <span class='ocrx_word' id='word_1_129' title='bbox 359 1133 473 1172; x_wconf 81' lang='lat' dir='ltr'>velim</span> <span class='ocrx_word' id='word_1_130' title='bbox 506 1133 544 1171; x_wconf 93' lang='lat' dir='ltr'>in</span> <span class='ocrx_word' id='word_1_131' title='bbox 576 1134 718 1172; x_wconf 81' lang='lat' dir='ltr'>bonam</span> <span class='ocrx_word' id='word_1_132' title='bbox 753 1142 902 1184; x_wconf 87' lang='lat' dir='ltr'>partem</span> <span class='ocrx_word' id='word_1_133' title='bbox 932 1134 1101 1183; x_wconf 85' lang='lat' dir='ltr'>accipias</span> <span class='ocrx_word' id='word_1_134' title='bbox 1134 1148 1197 1172; x_wconf 85' lang='lat' dir='ltr'>me</span> <span class='ocrx_word' id='word_1_135' title='bbox 1230 1148 1344 1184; x_wconf 84' lang='lat' dir='ltr'>agere</span> <span class='ocrx_word' id='word_1_136' title='bbox 1371 1143 1498 1173; x_wconf 88' lang='lat' dir='ltr'>tecum</span> <span class='ocrx_word' id='word_1_137' title='bbox 1521 1147 1543 1182; x_wconf 89' lang='lat'><strong>3</strong></span> 
     </span>
    </p>

    <p class='ocr_par' dir='ltr' id='par_1_7' title="bbox 168 1198 1502 1772">
     <span class='ocr_line' id='line_1_21' title="bbox 169 1198 1500 1249; baseline 0.002 -14"><span class='ocrx_word' id='word_1_138' title='bbox 169 1200 277 1248; x_wconf 81' lang='lat' dir='ltr'>quod</span> <span class='ocrx_word' id='word_1_139' title='bbox 298 1198 367 1236; x_wconf 83' lang='lat' dir='ltr'>tibi</span> <span class='ocrx_word' id='word_1_140' title='bbox 390 1198 525 1236; x_wconf 88' lang='lat' dir='ltr'>maiori</span> <span class='ocrx_word' id='word_1_141' title='bbox 548 1213 663 1237; x_wconf 89' lang='lat' dir='ltr'>curae</span> <span class='ocrx_word' id='word_1_142' title='bbox 685 1199 806 1236; x_wconf 83' lang='lat' dir='ltr'>sciam</span> <span class='ocrx_word' id='word_1_143' title='bbox 828 1212 913 1237; x_wconf 78' lang='lat' dir='ltr'>esse</span> <span class='ocrx_word' id='word_1_144' title='bbox 936 1213 1053 1248; x_wconf 88' lang='lat' dir='ltr'>quam</span> <span class='ocrx_word' id='word_1_145' title='bbox 1076 1199 1149 1249; x_wconf 84' lang='lat' dir='ltr'>ipsi</span> <span class='ocrx_word' id='word_1_146' title='bbox 1171 1199 1276 1237; x_wconf 89' lang='lat' dir='ltr'>mihi.</span> <span class='ocrx_word' id='word_1_147' title='bbox 1329 1199 1500 1238; x_wconf 83' lang='lat' dir='ltr'>Nomina</span> 
     </span>
     <span class='ocr_line' id='line_1_22' title="bbox 170 1263 1500 1313; baseline 0.002 -13"><span class='ocrx_word' id='word_1_148' title='bbox 170 1277 266 1310; x_wconf 86' lang='lat' dir='ltr'>mea,</span> <span class='ocrx_word' id='word_1_149' title='bbox 296 1276 364 1312; x_wconf 87' lang='lat' dir='ltr'>per</span> <span class='ocrx_word' id='word_1_150' title='bbox 391 1264 498 1309; x_wconf 75' lang='lat' dir='ltr'>deos,</span> <span class='ocrx_word' id='word_1_151' title='bbox 523 1263 674 1313; x_wconf 78' lang='lat' dir='ltr'>expedi,</span> <span class='ocrx_word' id='word_1_152' title='bbox 699 1265 864 1301; x_wconf 81' lang='lat' dir='ltr'>exsolve.</span> <span class='ocrx_word' id='word_1_153' title='bbox 929 1265 1036 1301; x_wconf 82' lang='lat' dir='ltr'>Bella</span> <span class='ocrx_word' id='word_1_154' title='bbox 1066 1263 1213 1313; x_wconf 85' lang='lat' dir='ltr'>reliqua</span> <span class='ocrx_word' id='word_1_155' title='bbox 1240 1264 1376 1313; x_wconf 83' lang='lat' dir='ltr'>reliqui</span> <span class='ocrx_word' id='word_1_156' title='bbox 1392 1279 1402 1311; x_wconf 85' lang='grc'>,-</span> <span class='ocrx_word' id='word_1_157' title='bbox 1433 1266 1500 1303; x_wconf 86' lang='lat' dir='ltr'>sed</span> 
     </span>
     <span class='ocr_line' id='line_1_23' title="bbox 169 1328 1499 1378; baseline 0.001 -11"><span class='ocrx_word' id='word_1_158' title='bbox 169 1342 268 1378; x_wconf 82' lang='lat' dir='ltr'>opus</span> <span class='ocrx_word' id='word_1_159' title='bbox 298 1337 355 1367; x_wconf 86' lang='lat' dir='ltr'>est</span> <span class='ocrx_word' id='word_1_160' title='bbox 385 1328 586 1378; x_wconf 81' lang='lat' dir='ltr'>diligentia</span> <span class='ocrx_word' id='word_1_161' title='bbox 618 1329 880 1367; x_wconf 85' lang='lat' dir='ltr'>coheredibus</span> <span class='ocrx_word' id='word_1_162' title='bbox 913 1342 982 1378; x_wconf 91' lang='lat' dir='ltr'>pro</span> <span class='ocrx_word' id='word_1_163' title='bbox 1017 1328 1211 1367; x_wconf 81' lang='lat' dir='ltr'>Cluviano</span> <span class='ocrx_word' id='word_1_164' title='bbox 1248 1331 1334 1367; x_wconf 85' lang='lat' dir='ltr'>Kal.</span> <span class='ocrx_word' id='word_1_165' title='bbox 1370 1330 1499 1368; x_wconf 75' lang='lat' dir='ltr'>Sextil.</span> 
     </span>
     <span class='ocr_line' id='line_1_24' title="bbox 169 1393 1501 1444; baseline 0.001 -13"><span class='ocrx_word' id='word_1_166' title='bbox 169 1396 410 1444; x_wconf 81' lang='lat' dir='ltr'>persolutum</span> <span class='ocrx_word' id='word_1_167' title='bbox 442 1402 484 1432; x_wconf 86' lang='lat' dir='ltr'>ut</span> <span class='ocrx_word' id='word_1_168' title='bbox 518 1394 576 1432; x_wconf 87' lang='lat' dir='ltr'>sit.</span> <span class='ocrx_word' id='word_1_169' title='bbox 639 1395 740 1433; x_wconf 83' lang='lat' dir='ltr'>Cum</span> <span class='ocrx_word' id='word_1_170' title='bbox 775 1393 944 1431; x_wconf 89' lang='lat' dir='ltr'>Publilio</span> <span class='ocrx_word' id='word_1_171' title='bbox 975 1407 1054 1442; x_wconf 93' lang='lat' dir='ltr'>quo</span> <span class='ocrx_word' id='word_1_172' title='bbox 1082 1395 1202 1431; x_wconf 92' lang='lat' dir='ltr'>modo</span> <span class='ocrx_word' id='word_1_173' title='bbox 1229 1396 1426 1443; x_wconf 89' lang='lat' dir='ltr'>agendum</span> <span class='ocrx_word' id='word_1_174' title='bbox 1455 1394 1501 1432; x_wconf 84' lang='lat' dir='ltr'>sit</span> 
     </span>
     <span class='ocr_line' id='line_1_25' title="bbox 168 1458 1500 1509; baseline 0 -11"><span class='ocrx_word' id='word_1_175' title='bbox 168 1460 330 1498; x_wconf 80' lang='lat' dir='ltr'>videbis.</span> <span class='ocrx_word' id='word_1_176' title='bbox 379 1462 471 1498; x_wconf 87' lang='lat' dir='ltr'>Non</span> <span class='ocrx_word' id='word_1_177' title='bbox 494 1461 613 1498; x_wconf 87' lang='lat' dir='ltr'>debet</span> <span class='ocrx_word' id='word_1_178' title='bbox 636 1473 781 1509; x_wconf 83' lang='lat' dir='ltr'>urgere,</span> <span class='ocrx_word' id='word_1_179' title='bbox 808 1458 995 1508; x_wconf 86' lang='lat' dir='ltr'>quoniam</span> <span class='ocrx_word' id='word_1_180' title='bbox 1019 1459 1099 1496; x_wconf 91' lang='lat' dir='ltr'>iure</span> <span class='ocrx_word' id='word_1_181' title='bbox 1121 1472 1201 1496; x_wconf 87' lang='lat' dir='ltr'>non</span> <span class='ocrx_word' id='word_1_182' title='bbox 1223 1458 1378 1496; x_wconf 86' lang='lat' dir='ltr'>utimur.</span> <span class='ocrx_word' id='word_1_183' title='bbox 1424 1461 1500 1498; x_wconf 85' lang='lat' dir='ltr'>Sed</span> 
     </span>
     <span class='ocr_line' id='line_1_26' title="bbox 169 1523 1502 1575; baseline 0 -13"><span class='ocrx_word' id='word_1_184' title='bbox 169 1532 300 1563; x_wconf 86' lang='lat' dir='ltr'>tamen</span> <span class='ocrx_word' id='word_1_185' title='bbox 340 1524 375 1563; x_wconf 91' lang='lat' dir='ltr'>ei</span> <span class='ocrx_word' id='word_1_186' title='bbox 415 1539 574 1575; x_wconf 87' lang='lat' dir='ltr'>quoque</span> <span class='ocrx_word' id='word_1_187' title='bbox 614 1524 705 1562; x_wconf 84' lang='lat' dir='ltr'>satis</span> <span class='ocrx_word' id='word_1_188' title='bbox 742 1523 823 1562; x_wconf 90' lang='lat' dir='ltr'>fieri</span> <span class='ocrx_word' id='word_1_189' title='bbox 859 1525 974 1573; x_wconf 88' lang='lat' dir='ltr'>plane</span> <span class='ocrx_word' id='word_1_190' title='bbox 1009 1525 1108 1561; x_wconf 87' lang='lat' dir='ltr'>volo.</span> <span class='ocrx_word' id='word_1_191' title='bbox 1169 1523 1377 1562; x_wconf 84' lang='lat' dir='ltr'>Terentiae</span> <span class='ocrx_word' id='word_1_192' title='bbox 1411 1538 1502 1562; x_wconf 78' lang='lat' dir='ltr'>vero</span> 
     </span>
     <span class='ocr_line' id='line_1_27' title="bbox 169 1588 1499 1641; baseline 0 -14"><span class='ocrx_word' id='word_1_193' title='bbox 169 1590 264 1639; x_wconf 86' lang='lat' dir='ltr'>quid</span> <span class='ocrx_word' id='word_1_194' title='bbox 286 1604 358 1641; x_wconf 81' lang='lat' dir='ltr'>ego</span> <span class='ocrx_word' id='word_1_195' title='bbox 391 1592 550 1630; x_wconf 87' lang='lat' dir='ltr'>dicam?</span> <span class='ocrx_word' id='word_1_196' title='bbox 608 1591 738 1629; x_wconf 85' lang='lat' dir='ltr'>Etiam</span> <span class='ocrx_word' id='word_1_197' title='bbox 767 1597 858 1628; x_wconf 90' lang='lat' dir='ltr'>ante</span> <span class='ocrx_word' id='word_1_198' title='bbox 884 1589 1000 1635; x_wconf 85' lang='lat' dir='ltr'>diem,</span> <span class='ocrx_word' id='word_1_199' title='bbox 1025 1588 1055 1626; x_wconf 85' lang='lat' dir='ltr'>si</span> <span class='ocrx_word' id='word_1_200' title='bbox 1084 1596 1205 1638; x_wconf 80' lang='lat' dir='ltr'>potes.</span> <span class='ocrx_word' id='word_1_201' title='bbox 1267 1588 1374 1637; x_wconf 87' lang='lat' dir='ltr'>Quin</span> <span class='ocrx_word' id='word_1_202' title='bbox 1395 1588 1437 1636; x_wconf 83' lang='lat' dir='ltr'>si,</span> <span class='ocrx_word' id='word_1_203' title='bbox 1461 1598 1499 1627; x_wconf 82' lang='lat' dir='ltr'>ut</span> 
     </span>
     <span class='ocr_line' id='line_1_28' title="bbox 168 1653 1501 1707; baseline 0 -15"><span class='ocrx_word' id='word_1_204' title='bbox 168 1668 293 1704; x_wconf 86' lang='lat' dir='ltr'>spero,</span> <span class='ocrx_word' id='word_1_205' title='bbox 317 1657 492 1696; x_wconf 86' lang='lat' dir='ltr'>celeriter</span> <span class='ocrx_word' id='word_1_206' title='bbox 517 1657 556 1695; x_wconf 89' lang='lat' dir='ltr'>in</span> <span class='ocrx_word' id='word_1_207' title='bbox 579 1657 753 1707; x_wconf 86' lang='lat' dir='ltr'>Epirum,</span> <span class='ocrx_word' id='word_1_208' title='bbox 783 1657 859 1693; x_wconf 88' lang='lat' dir='ltr'>hoc</span> <span class='ocrx_word' id='word_1_209' title='bbox 889 1655 997 1704; x_wconf 89' lang='lat' dir='ltr'>quod</span> <span class='ocrx_word' id='word_1_210' title='bbox 1029 1653 1120 1691; x_wconf 76' lang='lat' dir='ltr'>satis</span> <span class='ocrx_word' id='word_1_211' title='bbox 1142 1654 1234 1691; x_wconf 86' lang='lat' dir='ltr'>dato</span> <span class='ocrx_word' id='word_1_212' title='bbox 1256 1654 1384 1692; x_wconf 91' lang='lat' dir='ltr'>debeo</span> <span class='ocrx_word' id='word_1_213' title='bbox 1409 1662 1501 1703; x_wconf 86' lang='lat' dir='ltr'>peto</span> 
     </span>
     <span class='ocr_line' id='line_1_29' title="bbox 169 1719 1501 1772; baseline -0.001 -15"><span class='ocrx_word' id='word_1_214' title='bbox 169 1734 190 1757; x_wconf 88' lang='lat' dir='ltr'>a</span> <span class='ocrx_word' id='word_1_215' title='bbox 211 1728 248 1758; x_wconf 89' lang='lat' dir='ltr'>te</span> <span class='ocrx_word' id='word_1_216' title='bbox 269 1729 310 1759; x_wconf 90' lang='lat' dir='ltr'>ut</span> <span class='ocrx_word' id='word_1_217' title='bbox 331 1731 421 1760; x_wconf 88' lang='lat' dir='ltr'>ante</span> <span class='ocrx_word' id='word_1_218' title='bbox 452 1722 657 1772; x_wconf 84' lang='lat' dir='ltr'>provideas</span> <span class='ocrx_word' id='word_1_219' title='bbox 688 1724 883 1772; x_wconf 84' lang='lat' dir='ltr'>planeque</span> <span class='ocrx_word' id='word_1_220' title='bbox 912 1719 1096 1769; x_wconf 82' lang='lat' dir='ltr'>expedias</span> <span class='ocrx_word' id='word_1_221' title='bbox 1124 1727 1161 1757; x_wconf 88' lang='lat' dir='ltr'>et</span> <span class='ocrx_word' id='word_1_222' title='bbox 1191 1720 1362 1757; x_wconf 85' lang='lat' dir='ltr'>solutum</span> <span class='ocrx_word' id='word_1_223' title='bbox 1391 1719 1501 1757; x_wconf 89' lang='lat' dir='ltr'>relin-</span> 
     </span>
    </p>
   </div>
   <div class='ocr_carea' id='block_1_7' title="bbox 136 1783 1544 1836">
    <p class='ocr_par' dir='ltr' id='par_1_8' title="bbox 136 1783 1544 1836">
     <span class='ocr_line' id='line_1_30' title="bbox 136 1783 1544 1836; baseline -0.001 -13"><span class='ocrx_word' id='word_1_224' title='bbox 136 1797 146 1803; x_wconf 91' lang='lat'><em>·</em></span> <span class='ocrx_word' id='word_1_225' title='bbox 170 1799 276 1835; x_wconf 76' lang='lat' dir='ltr'>quaS.</span> <span class='ocrx_word' id='word_1_226' title='bbox 338 1789 416 1826; x_wconf 88' lang='lat' dir='ltr'>Sed</span> <span class='ocrx_word' id='word_1_227' title='bbox 437 1789 487 1826; x_wconf 91' lang='lat' dir='ltr'>de</span> <span class='ocrx_word' id='word_1_228' title='bbox 508 1787 567 1826; x_wconf 85' lang='lat' dir='ltr'>his</span> <span class='ocrx_word' id='word_1_229' title='bbox 589 1787 694 1835; x_wconf 81' lang='lat' dir='ltr'>satis,</span> <span class='ocrx_word' id='word_1_230' title='bbox 717 1796 931 1836; x_wconf 85' lang='lat' dir='ltr'>metuoque</span> <span class='ocrx_word' id='word_1_231' title='bbox 954 1799 1004 1823; x_wconf 91' lang='lat' dir='ltr'>ne</span> <span class='ocrx_word' id='word_1_232' title='bbox 1026 1792 1065 1822; x_wconf 88' lang='lat' dir='ltr'>tu</span> <span class='ocrx_word' id='word_1_233' title='bbox 1089 1783 1253 1821; x_wconf 89' lang='lat' dir='ltr'>nimium</span> <span class='ocrx_word' id='word_1_234' title='bbox 1275 1792 1398 1834; x_wconf 82' lang='lat' dir='ltr'>putes.</span> <span class='ocrx_word' id='word_1_235' title='bbox 1519 1796 1544 1832; x_wconf 89' lang='lat'>4</span> 
     </span>
    </p>
   </div>
   <div class='ocr_carea' id='block_1_8' title="bbox 168 1849 1499 2164">
    <p class='ocr_par' dir='ltr' id='par_1_9' title="bbox 168 1849 1499 2164">
     <span class='ocr_line' id='line_1_31' title="bbox 225 1849 1498 1903; baseline -0.002 -14"><span class='ocrx_word' id='word_1_236' title='bbox 225 1853 342 1890; x_wconf 92' lang='lat' dir='ltr'>Nunc</span> <span class='ocrx_word' id='word_1_237' title='bbox 364 1853 649 1903; x_wconf 81' lang='lat' dir='ltr'>neglegentiam</span> <span class='ocrx_word' id='word_1_238' title='bbox 671 1866 799 1891; x_wconf 90' lang='lat' dir='ltr'>meam</span> <span class='ocrx_word' id='word_1_239' title='bbox 822 1865 1028 1901; x_wconf 82' lang='lat' dir='ltr'>cognosce.</span> <span class='ocrx_word' id='word_1_240' title='bbox 1091 1851 1175 1887; x_wconf 81' lang='lat' dir='ltr'>‘De</span> <span class='ocrx_word' id='word_1_241' title='bbox 1195 1849 1337 1899; x_wconf 83' lang='lat' dir='ltr'>gloria&#39;</span> <span class='ocrx_word' id='word_1_242' title='bbox 1358 1849 1498 1887; x_wconf 91' lang='lat' dir='ltr'>librum</span> 
     </span>
     <span class='ocr_line' id='line_1_32' title="bbox 168 1914 1498 1967; baseline -0.002 -13"><span class='ocrx_word' id='word_1_243' title='bbox 168 1917 219 1954; x_wconf 87' lang='lat' dir='ltr'>ad</span> <span class='ocrx_word' id='word_1_244' title='bbox 257 1924 295 1955; x_wconf 85' lang='lat' dir='ltr'>te</span> <span class='ocrx_word' id='word_1_245' title='bbox 334 1918 432 1955; x_wconf 84' lang='lat' dir='ltr'>misi.</span> <span class='ocrx_word' id='word_1_246' title='bbox 500 1920 553 1956; x_wconf 84' lang='lat' dir='ltr'>At</span> <span class='ocrx_word' id='word_1_247' title='bbox 591 1918 629 1955; x_wconf 90' lang='lat' dir='ltr'>in</span> <span class='ocrx_word' id='word_1_248' title='bbox 670 1931 718 1956; x_wconf 92' lang='lat' dir='ltr'>eo</span> <span class='ocrx_word' id='word_1_249' title='bbox 757 1917 1032 1967; x_wconf 87' lang='lat' dir='ltr'>prohoemium</span> <span class='ocrx_word' id='word_1_250' title='bbox 1074 1915 1180 1955; x_wconf 90' lang='lat' dir='ltr'>idem</span> <span class='ocrx_word' id='word_1_251' title='bbox 1220 1922 1277 1953; x_wconf 86' lang='lat' dir='ltr'>est</span> <span class='ocrx_word' id='word_1_252' title='bbox 1313 1916 1421 1964; x_wconf 90' lang='lat' dir='ltr'>quod</span> <span class='ocrx_word' id='word_1_253' title='bbox 1460 1914 1498 1952; x_wconf 92' lang='lat' dir='ltr'>in</span> 
     </span>
     <span class='ocr_line' id='line_1_33' title="bbox 170 1979 1499 2029; baseline -0.002 -11"><span class='ocrx_word' id='word_1_254' title='bbox 170 1981 412 2019; x_wconf 86' lang='lat' dir='ltr'>Academico</span> <span class='ocrx_word' id='word_1_255' title='bbox 451 1982 574 2020; x_wconf 88' lang='lat' dir='ltr'>tertio.</span> <span class='ocrx_word' id='word_1_256' title='bbox 637 1983 684 2020; x_wconf 92' lang='lat' dir='ltr'>Id</span> <span class='ocrx_word' id='word_1_257' title='bbox 719 1981 848 2020; x_wconf 90' lang='lat' dir='ltr'>evenit</span> <span class='ocrx_word' id='word_1_258' title='bbox 888 1983 940 2020; x_wconf 92' lang='lat' dir='ltr'>ob</span> <span class='ocrx_word' id='word_1_259' title='bbox 980 1995 1065 2019; x_wconf 90' lang='lat' dir='ltr'>eam</span> <span class='ocrx_word' id='word_1_260' title='bbox 1107 1994 1188 2019; x_wconf 92' lang='lat' dir='ltr'>rem</span> <span class='ocrx_word' id='word_1_261' title='bbox 1223 1980 1331 2029; x_wconf 90' lang='lat' dir='ltr'>quod</span> <span class='ocrx_word' id='word_1_262' title='bbox 1371 1979 1499 2017; x_wconf 88' lang='lat' dir='ltr'>habeo</span> 
     </span>
     <span class='ocr_line' id='line_1_34' title="bbox 170 2043 1496 2096; baseline -0.002 -13"><span class='ocrx_word' id='word_1_263' title='bbox 170 2047 356 2084; x_wconf 89' lang='lat' dir='ltr'>volumen</span> <span class='ocrx_word' id='word_1_264' title='bbox 387 2046 718 2096; x_wconf 88' lang='lat' dir='ltr'>prohoemiorum.</span> <span class='ocrx_word' id='word_1_265' title='bbox 781 2047 838 2084; x_wconf 86' lang='lat' dir='ltr'>Ex</span> <span class='ocrx_word' id='word_1_266' title='bbox 860 2060 907 2085; x_wconf 92' lang='lat' dir='ltr'>eo</span> <span class='ocrx_word' id='word_1_267' title='bbox 928 2047 1069 2096; x_wconf 84' lang='lat' dir='ltr'>eligere</span> <span class='ocrx_word' id='word_1_268' title='bbox 1091 2048 1199 2085; x_wconf 83' lang='lat' dir='ltr'>soleo</span> <span class='ocrx_word' id='word_1_269' title='bbox 1220 2058 1311 2083; x_wconf 90' lang='lat' dir='ltr'>cum</span> <span class='ocrx_word' id='word_1_270' title='bbox 1337 2043 1496 2093; x_wconf 84' lang='lat' dir='ltr'>aliquod</span> 
     </span>
     <span class='ocr_line' id='line_1_35' title="bbox 173 2109 1497 2164; baseline -0.002 -15"><span class='ocrx_word' id='word_1_271' title='bbox 173 2113 402 2164; x_wconf 81' lang='grc' dir='ltr'>σύγγραμμα</span> <span class='ocrx_word' id='word_1_272' title='bbox 439 2111 598 2149; x_wconf 82' lang='lat' dir='ltr'>institui.</span> <span class='ocrx_word' id='word_1_273' title='bbox 674 2112 812 2160; x_wconf 88' lang='lat' dir='ltr'>Itaque</span> <span class='ocrx_word' id='word_1_274' title='bbox 852 2110 928 2149; x_wconf 89' lang='lat' dir='ltr'>iam</span> <span class='ocrx_word' id='word_1_275' title='bbox 969 2111 1007 2148; x_wconf 90' lang='lat' dir='ltr'>in</span> <span class='ocrx_word' id='word_1_276' title='bbox 1040 2113 1278 2158; x_wconf 83' lang='lat' dir='ltr'>Tusculano,</span> <span class='ocrx_word' id='word_1_277' title='bbox 1316 2109 1382 2159; x_wconf 92' lang='lat' dir='ltr'>qui</span> <span class='ocrx_word' id='word_1_278' title='bbox 1418 2122 1497 2147; x_wconf 88' lang='lat' dir='ltr'>non</span> 
     </span>
    </p>
   </div>
   <div class='ocr_carea' id='block_1_9' title="bbox 169 2214 1496 2386">
    <p class='ocr_par' dir='ltr' id='par_1_10' title="bbox 169 2214 1496 2386">
     <span class='ocr_line' id='line_1_36' title="bbox 217 2214 1496 2255; baseline -0.002 -10"><span class='ocrx_word' id='word_1_279' title='bbox 217 2224 228 2244; x_wconf 94' lang='lat'>1</span> <span class='ocrx_word' id='word_1_280' title='bbox 260 2214 502 2255; x_wconf 85' lang='lat' dir='ltr'>Leucopetram</span> <span class='ocrx_word' id='word_1_281' title='bbox 517 2214 701 2245; x_wconf 80' lang='lat' dir='ltr'>Baz&#39;tercoll.</span> <span class='ocrx_word' id='word_1_282' title='bbox 719 2225 745 2254; x_wconf 87' lang='lat'>7.</span> <span class='ocrx_word' id='word_1_283' title='bbox 764 2225 795 2244; x_wconf 86' lang='lat'>1:</span> <span class='ocrx_word' id='word_1_284' title='bbox 817 2215 1045 2254; x_wconf 81' lang='lat' dir='ltr'>Leucopetras</span> <span class='ocrx_word' id='word_1_285' title='bbox 1061 2215 1148 2248; x_wconf 83' lang='lat' dir='ltr'>codd.</span> <span class='ocrx_word' id='word_1_286' title='bbox 1240 2220 1340 2255; x_wconf 85' lang='lat' dir='ltr'>atque</span> <span class='ocrx_word' id='word_1_287' title='bbox 1357 2214 1496 2245; x_wconf 46' lang='lat' dir='ltr'>Lamia„</span> 
     </span>
     <span class='ocr_line' id='line_1_37' title="bbox 169 2257 1496 2298; baseline -0.001 -10"><span class='ocrx_word' id='word_1_288' title='bbox 169 2263 222 2288; x_wconf 76' lang='lat' dir='ltr'>ast</span> <span class='ocrx_word' id='word_1_289' title='bbox 238 2258 325 2288; x_wconf 84' lang='lat' dir='ltr'>codd.</span> <span class='ocrx_word' id='word_1_290' title='bbox 492 2268 508 2297; x_wconf 95' lang='lat'><strong>7</strong></span> <span class='ocrx_word' id='word_1_291' title='bbox 534 2259 616 2289; x_wconf 85' lang='lat' dir='ltr'>satis</span> <span class='ocrx_word' id='word_1_292' title='bbox 632 2257 707 2289; x_wconf 83' lang='lat' dir='ltr'>add.</span> <span class='ocrx_word' id='word_1_293' title='bbox 728 2257 908 2288; x_wconf 69' lang='lat' dir='ltr'>Ascenssus</span> <span class='ocrx_word' id='word_1_294' title='bbox 1076 2269 1097 2298; x_wconf 92' lang='lat'><strong>9</strong></span> <span class='ocrx_word' id='word_1_295' title='bbox 1121 2260 1227 2295; x_wconf 63' lang='lat' dir='ltr'>enim]</span> <span class='ocrx_word' id='word_1_296' title='bbox 1247 2264 1357 2290; x_wconf 87' lang='lat' dir='ltr'>autem</span> <span class='ocrx_word' id='word_1_297' title='bbox 1374 2257 1496 2289; x_wconf 74' lang='lat' dir='ltr'>Sclzic&#39;tz</span> 
     </span>
     <span class='ocr_line' id='line_1_38' title="bbox 173 2295 1494 2343; baseline 0 -12"><span class='ocrx_word' id='word_1_298' title='bbox 173 2310 210 2339; x_wconf 86' lang='lat'>13</span> <span class='ocrx_word' id='word_1_299' title='bbox 236 2302 391 2341; x_wconf 84' lang='lat' dir='ltr'>prospice</span> <span class='ocrx_word' id='word_1_300' title='bbox 407 2301 497 2342; x_wconf 77' lang='lat' dir='ltr'>vulg.</span> <span class='ocrx_word' id='word_1_301' title='bbox 604 2311 639 2341; x_wconf 88' lang='lat'>17</span> <span class='ocrx_word' id='word_1_302' title='bbox 666 2301 793 2341; x_wconf 84' lang='lat' dir='ltr'>reliqua</span> <span class='ocrx_word' id='word_1_303' title='bbox 807 2295 887 2331; x_wconf 62' lang='lat' dir='ltr'>0th</span> <span class='ocrx_word' id='word_1_304' title='bbox 912 2312 968 2333; x_wconf 66' lang='lat' dir='ltr'>uc.</span> <span class='ocrx_word' id='word_1_305' title='bbox 990 2301 1017 2331; x_wconf 91' lang='lat' dir='ltr'><em>L</em></span> <span class='ocrx_word' id='word_1_306' title='bbox 1037 2304 1175 2343; x_wconf 80' lang='lat' dir='ltr'>(marg.)</span> <span class='ocrx_word' id='word_1_307' title='bbox 1193 2314 1199 2333; x_wconf 92' lang='lat'>:</span> <span class='ocrx_word' id='word_1_308' title='bbox 1216 2298 1281 2334; x_wconf 75' lang='lat' dir='ltr'>bm.</span> <span class='ocrx_word' id='word_1_309' title='bbox 1298 2302 1339 2332; x_wconf 95' lang='lat' dir='ltr'><em>M</em></span> <span class='ocrx_word' id='word_1_310' title='bbox 1455 2312 1494 2339; x_wconf 85' lang='lat'>27</span> 
     </span>
     <span class='ocr_line' id='line_1_39' title="bbox 171 2344 1178 2386; baseline 0.002 -11"><span class='ocrx_word' id='word_1_311' title='bbox 171 2345 258 2376; x_wconf 86' lang='lat' dir='ltr'>idem</span> <span class='ocrx_word' id='word_1_312' title='bbox 280 2345 485 2386; x_wconf 79' lang='lat' dir='ltr'>Wesenberg:</span> <span class='ocrx_word' id='word_1_313' title='bbox 511 2345 542 2376; x_wconf 81' lang='lat' dir='ltr'>id</span> <span class='ocrx_word' id='word_1_314' title='bbox 560 2345 647 2376; x_wconf 79' lang='lat' dir='ltr'>codd.</span> <span class='ocrx_word' id='word_1_315' title='bbox 802 2355 844 2384; x_wconf 84' lang='lat'>30</span> <span class='ocrx_word' id='word_1_316' title='bbox 868 2345 941 2386; x_wconf 91' lang='lat' dir='ltr'>qui]</span> <span class='ocrx_word' id='word_1_317' title='bbox 961 2355 1035 2375; x_wconf 91' lang='lat' dir='ltr'>cum</span> <span class='ocrx_word' id='word_1_318' title='bbox 1052 2344 1178 2385; x_wconf 75' lang='lat' dir='ltr'>Sz&#39;esbye</span> 
     </span>
    </p>
   </div>
   <div class='ocr_carea' id='block_1_10' title="bbox 1346 2422 1406 2452">
    <p class='ocr_par' dir='ltr' id='par_1_11' title="bbox 1346 2422 1406 2452">
     <span class='ocr_line' id='line_1_40' title="bbox 1346 2422 1406 2452; baseline -0.017 0"><span class='ocrx_word' id='word_1_319' title='bbox 1346 2422 1406 2452; x_wconf 74' lang='lat'>36*</span> 
     </span>
    </p>
   </div>
  </div>
 </body>
</html>
