1827 2798
218 159 265 196 X.
288 157 334 194 ix
677 151 732 188 M.
764 148 933 186 TVLLI
964 145 1270 185 CICERONIS

299 265 407 305 tandi
429 264 525 302 ratio
545 274 635 300 cum
657 258 823 298 difficilis
845 265 928 295 tum
950 255 1067 294 etiam
1088 255 1307 306 periculosa
1327 262 1394 293 est.
1455 254 1631 294 Servium

299 337 482 380 exspecto
509 328 559 365 ad
584 327 736 370 Nonas,
756 331 794 361 et
821 321 941 371 adigit
970 320 1023 359 ita
1042 320 1250 368 *Postumia
1277 328 1314 358 et
1339 319 1493 358 Servius
1518 319 1629 357 filius.

302 397 543 444 Quartanam
573 389 757 428 leviorem
788 401 873 427 esse
899 387 1063 437 gaudeo.
1125 385 1218 424 Misi
1245 387 1295 425 ad
1320 393 1357 424 te
1379 384 1489 425 Caeli
1515 384 1633 423 etiam

301 460 513 498 litterarum
534 456 769 506 exemplum.

699 622 793 658 A:
816 620 866 658 ad
896 620 986 657 fam.
1018 619 1137 655 VIII.
1175 619 1232 654 16.

627 726 695 758 Scr.
716 724 859 755 Intimili
871 735 914 754 xv
931 722 973 755 K.
994 722 1074 754 Mai.
1095 733 1125 754 α.
1150 732 1202 761 705
1223 722 1309 762 (⁷19).

683 812 882 845 CAELIVS
907 809 1135 842 CICERONI
1162 809 1258 840 SAL.

268 908 287 936 Ι
361 895 616 934 Exanimatus
637 892 712 931 tuis
732 890 878 937 litteris,
901 889 1045 939 quibus
1065 896 1103 926 te
1124 886 1220 925 nihil
1248 886 1320 924 nisi
1343 885 1449 925 triste
1469 885 1638 936 cogitare

306 959 510 1000 ostendisti
532 972 660 1008 neque
681 956 720 995 id
742 955 836 1006 quid
858 962 959 993 esset
980 951 1235 1004 perscripsisti
1256 965 1384 1001 neque
1405 965 1486 989 non
1506 959 1637 989 tamen

306 1028 421 1076 quale
441 1032 542 1064 esset
567 1023 674 1073 quod
699 1020 887 1071 cogitares
917 1017 1111 1069 aperuisti,
1136 1017 1204 1055 has
1232 1018 1282 1055 ad
1312 1024 1349 1054 te
1377 1016 1466 1054 ilico
1494 1016 1638 1054 litteras
1664 1033 1675 1055 ι

306 1090 450 1141 scripsi.
513 1091 584 1127 Per
618 1089 790 1125 fortunas
830 1093 926 1131 ruffi,
961 1083 1111 1129 Cicero,
1146 1096 1213 1132 per
1252 1082 1394 1119 liberos
1429 1090 1466 1120 te
1501 1096 1569 1119 oro
1603 1090 1641 1120 et

306 1158 471 1195 obsecro
496 1168 544 1192 ne
565 1153 660 1203 quid
684 1150 836 1201 gravius
863 1151 913 1188 de
941 1150 1064 1187 salute
1090 1156 1128 1186 et
1156 1147 1424 1185 incolumitate
1455 1155 1521 1185 tua
1551 1161 1642 1185 con-

305 1223 419 1259 sulas.
479 1221 583 1257 Nam
610 1219 706 1256 deos
734 1215 994 1264 hominesque
1020 1212 1312 1262 amicitiamque
1341 1220 1512 1250 nostram
1540 1212 1643 1250 testi-

306 1288 401 1324 ficor
426 1298 487 1323 me
515 1282 584 1321 tibi
611 1280 847 1332 praedixisse
871 1292 1001 1329 neque
1028 1286 1174 1316 temere
1204 1278 1403 1316 monuisse
1434 1279 1514 1324 sed,
1540 1288 1642 1329 post-

306 1364 425 1401 quam
469 1351 678 1388 Caesarem
726 1344 978 1384 convenerim
1027 1343 1341 1393 sententiamque
1390 1344 1472 1383 eius
1518 1346 1643 1395 qualis
1690 1357 1702 1363 ·

307 1418 434 1454 futura
465 1422 565 1452 esset
599 1420 708 1462 parta
738 1410 899 1449 victoria
933 1409 1146 1459 cognorim,
1183 1417 1220 1447 te
1252 1410 1456 1449 certiorem
1494 1410 1640 1450 fecisse.

308 1481 347 1520 Si
374 1480 570 1519 existimas
599 1479 767 1516 eandem
798 1476 990 1515 rationem
1017 1478 1098 1514 fore
1123 1477 1300 1515 Caesaris
1329 1477 1367 1515 in
1400 1478 1643 1516 dimittendis

308 1545 535 1585 adversariis
563 1552 600 1582 et
627 1543 929 1582 condicionibus
957 1543 1137 1590 ferendis
1161 1559 1287 1591 erras;
1323 1544 1418 1582 nihil
1441 1544 1514 1582 nisi
1536 1554 1645 1584 atrox

310 1620 346 1649 et
368 1624 527 1649 saevum
548 1609 693 1660 cogitat
712 1618 830 1659 atque
852 1609 969 1648 etiam
996 1610 1168 1660 loquitur
1186 1626 1194 1658 3
1229 1611 1346 1649 iratus
1369 1612 1520 1649 senatui
1542 1611 1646 1655 exiit,

312 1676 370 1714 his
388 1675 732 1714 intercessionibus
754 1677 868 1725 plane
889 1675 1072 1714 incitatus
1094 1684 1150 1714 est
1168 1692 1175 1723 ;
1200 1690 1279 1715 non
1303 1691 1365 1715 me
1385 1679 1562 1716 hercules
1576 1676 1646 1716 erit
1671 1684 1683 1704 2

270 1740 580 1791 2deprecationi
618 1742 738 1778 locus.
803 1742 894 1789 Qua
923 1755 962 1779 re
992 1741 1022 1779 si
1052 1741 1122 1779 tibi
1153 1749 1204 1787 tu,
1238 1742 1267 1780 si
1300 1742 1399 1780 filius
1434 1742 1584 1788 unicus,
1618 1742 1648 1779 si

314 1808 467 1853 domus,
501 1805 532 1843 si
571 1820 658 1855 spes
698 1814 787 1844 tuae
821 1806 992 1856 reliquae
1031 1806 1101 1844 tibi
1136 1821 1247 1845 carae
1287 1816 1387 1853 sunt,
1429 1807 1460 1845 si
1499 1807 1648 1857 aliquid

313 1873 418 1921 apud
452 1879 487 1909 te
520 1885 602 1917 nos,
635 1871 665 1909 si
695 1871 751 1908 vir
784 1872 956 1921 optimus
990 1885 1108 1921 gener
1142 1880 1231 1910 tuus
1263 1874 1448 1919 valemus,
1481 1888 1648 1923 quorum

314 1938 509 1974 fortunam
549 1950 628 1974 non
663 1937 784 1975 debes
814 1939 913 1975 velle
949 1937 1192 1983 conturbare,
1227 1945 1268 1974 ut
1299 1951 1384 1975 eam
1420 1951 1578 1976 causam
1610 1938 1648 1976 in

315 2001 456 2051 quoius
483 2001 643 2040 victoria
670 2004 772 2040 salus
802 2010 933 2040 nostra
959 2010 1017 2040 est
1039 2002 1169 2040 odisse
1199 2010 1265 2040 aut
1291 2002 1508 2052 relinquere
1539 2017 1649 2053 coga-

317 2080 402 2104 mur
435 2074 501 2105 aut
536 2067 695 2117 impiam
728 2067 985 2117 cupiditatem
1020 2074 1155 2105 contra
1194 2068 1357 2105 salutem
1394 2076 1500 2105 tuam
1535 2069 1652 2107 habe-

318 2132 657 2182 amusssdenique
696 2133 793 2171 illud
828 2132 966 2183 cogita,
1003 2133 1112 2182 quod
1151 2133 1323 2171 offensae
1362 2133 1474 2171 suerit
1508 2132 1548 2170 in
1580 2133 1653 2172 ista

366 2248 384 2275 5
409 2238 508 2268 ltm'us
527 2238 680 2277 epistulae
699 2238 839 2267 αΗνι-ιιιιι
860 2236 1047 2265 rxemhlmn
1068 2239 1173 2265 exsta!
1191 2237 1224 2266 1'11
1238 2235 1332 2267 Fam.
1358 2236 1419 2266 ciii.
1444 2237 1483 2266 16
1501 2236 1571 2275 (f=
1583 2237 1648 2267 cod.

324 2280 482 2311 ,Medicam
499 2293 540 2320 49
564 2283 600 2320 95
690 2282 709 2310 8
734 2280 815 2310 nihil
836 2279 982 2319 nisifP:
1007 2279 1089 2309 nihil
1109 2279 1155 2309 M¹
1175 2292 1181 2310 :
1207 2279 1360 2309 nonnihil
1379 2278 1433 2308 M‘2
1525 2290 1558 2310 11
1580 2285 1612 2310 te
1626 2284 1655 2309 ct

323 2325 478 2363 et0111.f
579 2336 612 2362 14
639 2324 831 2362 praerlixif
927 2334 968 2353 20
992 2323 1203 2353 mehercules
1221 2322 1346 2353 RPM:
1371 2323 1564 2353 mehercule
1585 2322 1653 2353 Os:

323 2369 427 2406 omis
522 2378 561 2405 23
587 2368 714 2406 valetf
810 2378 849 2405 24
875 2371 950 2396 aule
966 2372 1001 2396 ut
1019 2366 1094 2397 add.
1114 2367 1178 2396 noli
1197 2367 1407 2396 committere
1425 2367 1654 2405 interpungens

324 2411 370 2442 ad
386 2413 568 2442 habeamus
583 2412 616 2452 gl.
633 2412 688 2451 27>
707 2411 882 2441 Lehmann
900 2410 978 2440 olim
990 2421 1004 2449 ,·
1021 2414 1133 2450 postea
1149 2410 1183 2440 in
1200 2409 1333 2440 editione
1349 2410 1431 2439 nihil
1445 2409 1569 2440 addidit
