1827 2798
586 154 697 190 EPP.
730 154 808 190 AD
837 154 1096 192 ATTICVM
1379 154 1498 191 XIII.
1518 155 1611 191 xxii

181 261 295 309 illam,
319 276 369 301 ne
390 264 555 302 salutem
577 264 748 313 quidem.
808 266 861 302 At
882 271 922 302 tu
944 272 981 302 et
1008 264 1061 302 illi
1088 272 1126 303 et
1148 264 1267 303 Piliae
1288 264 1506 315 plurimam,

180 340 253 365 nec
274 340 337 365 me
361 334 492 365 tamen
520 327 632 366 irasci
657 328 850 367 indicaris.
911 328 1131 379 Epistulam
1152 329 1329 368 Caesaris
1357 328 1454 377 misi,
1477 327 1510 367 si

180 391 310 429 minus
330 391 497 441 legisses.

237 535 398 570 XXIII
444 538 514 571 Ser.
533 539 566 570 in
587 539 770 570 Tusculano
787 540 820 570 vi
833 539 883 571 Id.
904 540 1017 579 Quint.
1036 551 1065 572 a.
1087 550 1144 581 709
1165 541 1248 582 (45).

586 627 757 658 CICERO
786 627 968 658 ATTICO
997 627 1102 660 SAL.

235 715 566 754 Antemeridianis
598 715 672 753 tuis
708 716 842 754 litteris
881 716 963 755 heri
997 716 1127 754 statim
1159 716 1360 767 rescripsi;
1403 731 1509 756 nunc
1528 727 1545 754 1

180 782 401 831 respondeo
427 780 666 830 vespertinis.
727 783 869 819 Brutus
900 783 1055 820 mallem
1087 795 1149 820 me
1178 790 1398 821 arcesseret.
1460 785 1509 821 Et

180 845 343 895 aequius
370 853 460 891 erat,
484 858 574 882 cum
602 845 655 882 illi
682 845 752 883 iter
776 845 935 883 instaret
961 854 999 884 et
1024 846 1197 883 subitum
1219 855 1256 884 et
1278 848 1450 896 longum,
1473 855 1510 886 et

181 924 244 948 me
275 912 432 948 hercule
462 923 577 956 nunc,
602 924 692 947 curn
723 910 776 948 ita
807 910 928 948 simus
957 910 1102 948 adfecti
1133 918 1175 948 ut
1206 925 1284 949 non
1315 911 1510 961 possimus

181 977 297 1025 plane
318 974 433 1012 simul
454 974 581 1012 vivere
603 974 810 1024 (intellegis
835 975 939 1012 enim
971 976 1146 1024 profecto
1174 975 1213 1012 in
1243 989 1322 1024 quo
1343 976 1511 1014 maxime

181 1040 308 1089 posita
332 1039 380 1078 sit
407 1038 644 1089 συμβίωσις),
669 1039 780 1078 facile
804 1039 979 1089 patiebar
1003 1053 1075 1078 nos
1101 1040 1231 1089 potius
1254 1041 1406 1078 Romae
1433 1054 1510 1078 una

180 1118 265 1143 esse
286 1119 403 1155 quarn
425 1105 465 1142 in
486 1106 721 1142 Tusculano²

236 1170 342 1208 Libri
362 1171 412 1208 ad
428 1172 645 1207 Varronem
667 1183 748 1207 non
769 1170 1031 1216 morabantur,
1050 1177 1140 1207 sunt
1161 1169 1266 1207 enirn
1287 1170 1504 1217 †defsecti†‚
1527 1181 1552 1208 2

182 1242 223 1273 ut
243 1235 397 1281 vidisti;
426 1242 577 1272 tantum
601 1234 842 1272 librariorum
865 1236 1009 1272 menda
1030 1236 1227 1272 tolluntur.
1288 1237 1349 1273 De
1366 1235 1508 1284 quibus

147 1299 287 1338 -libris
318 1300 392 1338 scis
422 1314 485 1338 me
516 1299 727 1345 dubitasse,
751 1300 820 1337 sed
850 1307 891 1336 tu
921 1298 1072 1337 videris.
1134 1301 1236 1337 Item
1260 1312 1359 1349 quos
1388 1302 1509 1338 Bruto

182 1364 370 1403 mittimus
391 1365 430 1402 in
452 1365 633 1403 manibus
655 1364 801 1402 habent
821 1363 974 1401 librarii.

235 1432 329 1469 Mea
362 1431 558 1477 mandata,
589 1437 632 1467 ut
668 1428 814 1475 scribis,
849 1428 1008 1478 explica.
1068 1430 1321 1479 Quamquam
1353 1429 1425 1467 ista
1454 1443 1508 1467 re-
1527 1442 1552 1480 3

181 1496 357 1535 tentione
393 1497 521 1535 omnis
559 1496 612 1534 ait
648 1495 703 1533 uti
743 1493 977 1541 Trebatiu53
1019 1493 1115 1543 quid
1154 1502 1194 1532 tu
1233 1494 1326 1532 istos
1366 1496 1509 1544 putas?

182 1561 297 1599 Nosti
318 1563 494 1600 domum.
556 1562 647 1610 Qua
678 1574 717 1598 re
748 1560 900 1597 confice
930 1559 1130 1611 εὐαγώγως.
1189 1558 1426 1596 Incredibile
1451 1566 1509 1597 est

182 1640 300 1676 quam
321 1641 394 1676 ego
414 1627 486 1665 ista
506 1641 587 1665 non
609 1639 752 1664 curem.
795 1624 916 1663 Omni
933 1623 1003 1661 tibi
1019 1623 1314 1662 adseveratione
1330 1624 1506 1670 adfirmo,

181 1693 289 1741 quod
316 1692 413 1730 mihi
439 1694 574 1731 credas
603 1692 729 1738 velim,
754 1690 850 1728 mihi
882 1689 1018 1728 maiori
1045 1687 1253 1727 offensioni
1280 1701 1364 1726 esse
1390 1701 1509 1737 quam

181 1757 432 1796 delectationi
462 1758 796 1809 possessiunculas
828 1768 945 1794 meas
1007 1754 1135 1804 Magis
1165 1753 1270 1792 enim
1301 1754 1417 1791 doleo
1447 1766 1510 1791 me

182 1834 261 1859 non
299 1823 444 1861 habere
484 1823 577 1873 quoi
618 1823 768 1861 tradam
809 1834 927 1870 quarn
967 1819 1112 1857 habere
1150 1818 1218 1868 qui
1256 1825 1341 1856 utar
1377 1820 1507 1856 laetor.

182 1888 313 1936 Atque
346 1887 442 1926 illud
472 1888 680 1926 Trebatius
714 1900 754 1925 se
785 1886 855 1924 tibi
889 1884 1032 1923 dixisse
1063 1883 1266 1930 narrabat3
1307 1890 1348 1920 tu
1378 1890 1509 1920 autem

144 1961 158 1991 ἰ
182 1951 323 1989 veritus
344 1966 385 1990 es
406 1954 566 1990 fortasse
587 1966 637 1990 ne
659 1965 731 2001 ego
756 1950 899 1988 invitus
928 1949 1115 1987 audirem.
1177 1947 1266 1985 Fuit
1286 1947 1327 1986 id
1348 1947 1509 1996 quidem

182 2016 444 2064 humanitatis,
472 2018 551 2063 sed,
582 2016 679 2054 mihi
708 2017 833 2062 crede,
864 2014 941 2053 iam
973 2014 1044 2052 ista
1075 2026 1156 2051 non
1185 2025 1289 2050 curo.
1350 2013 1440 2060 Qua
1469 2025 1509 2049 re

226 2129 243 2158 7
268 2123 341 2150 ante
358 2124 391 2150 et
409 2119 482 2150 add.
505 2131 582 2150 nam
600 2123 668 2150 velt.
765 2129 803 2149 10
828 2119 860 2148 in
887 2129 916 2148 v.
935 2129 957 2148 c.
975 2116 1003 2146 L
1025 2116 1164 2155 (marg.)
1190 2115 1288 2144 ORP
1305 2114 1391 2144 Crat.
1410 2124 1416 2143 :
1440 2124 1505 2145 om.

180 2162 223 2192 M
346 2173 382 2201 13
408 2163 623 2193 morabuntur
644 2162 813 2192 Turnebus
902 2161 1036 2191 deffecti
1054 2158 1109 2188 M¹
1126 2171 1133 2189 z
1160 2159 1269 2189 effecti
1287 2158 1307 2187 I
1320 2158 1404 2197 vulg.
1423 2169 1429 2187 :
1455 2158 1509 2187 de-

180 2206 266 2236 texti
278 2207 358 2237 coni.
372 2206 509 2237 Lamb.:
530 2206 690 2236 defaecati
705 2205 839 2243 Mooney
851 2205 918 2235 coll.
929 2203 1042 2234 Sidou.
1056 2203 1136 2242 Epp.
1151 2202 1172 2232 i.
1190 2212 1216 2232 1.
1230 2213 1248 2240 4
1266 2202 1364 2240 :sm-t.
1377 2201 1506 2239 resecti,

179 2249 216 2288 cs.
237 2250 303 2281 xvi.
318 2259 347 2288 3.
364 2260 378 2280 1
498 2260 536 2289 19
561 2250 733 2280 dominum
752 2247 934 2287 Reid,fort.
955 2250 1029 2277 ναῖε
1121 2245 1196 2284 Qua
1213 2255 1249 2275 re
1267 2244 1384 2274 Lamb.
1402 2255 1408 2274 ε
1434 2244 1508 2282 Qua

179 2292 223 2322 M
343 2292 512 2333 εὐαγώγους
542 2292 685 2323 Rosius:
720 2294 879 2321 ETAPQC
906 2290 1018 2321 codd:
1054 2288 1195 2322 εὐλαβῶς
1217 2298 1246 2319 v.
1266 2299 1289 2318 c.
1308 2287 1337 2317 L
1366 2289 1506 2327 (marg.)

179 2345 221 2374 23
245 2339 318 2367 ante
331 2337 471 2367 alterum
488 2336 613 2367 habere
631 2334 705 2366 add.
720 2335 853 2374 gaudeo
870 2334 1060 2371 Gronovius,
1074 2331 1149 2363 add.
1164 2342 1232 2363 non
1244 2330 1395 2362 Schmidt
1408 2342 1414 2361 :
1439 2341 1507 2371 quo

180 2388 249 2410 non
266 2385 341 2410 utar
357 2379 442 2410 Reid
541 2379 647 2410 laetor
663 2378 739 2410 add.
756 2377 878 2409 Lamb.

221 2454 284 2476 cre.
303 2455 350 2476 AD
367 2455 440 2477 ATT.
1379 2442 1419 2473 30
