1827 2798
256 142 325 180 IX.

312 260 336 286 2

306 837 331 874 3

312 1906 339 1944 4

349 139 410 177 vii
714 135 770 172 M.
801 132 969 171 TVLLI
1003 129 1309 169 CICERONIS

410 248 471 286 Sic
502 259 592 295 ergo
619 244 773 288 habeto,
804 240 978 279 salutaris
1004 248 1041 278 te
1069 238 1164 276 mihi
1193 238 1339 276 litteras
1369 237 1517 276 misisse
1546 251 1677 288 neque

353 314 479 351 solum
497 312 564 348 has
579 308 771 357 longiores
789 305 931 355 quibus
953 304 1050 341 nihil
1066 311 1195 353 potest
1216 316 1301 341 esse
1321 302 1560 352 explicatius,
1580 303 1676 340 nihil

350 374 566 426 perfectius
604 373 673 410 sed
705 371 821 409 etiam
856 369 940 406 illas
978 367 1174 406 breviores
1213 366 1254 404 in
1288 367 1431 417 quibus
1466 369 1542 405 hoc
1580 367 1676 404 mihi

350 437 674 478 iucundissimum
705 434 786 481 suit,
810 433 1017 472 consilium
1048 434 1276 482 factumque
1303 440 1480 470 nostrum
1509 446 1532 470 a
1559 434 1677 471 Sexto

349 502 513 553 probari,
555 507 854 550 pergratumque
895 496 990 534 mihi
1030 503 1071 534 tu
1112 526 1119 534 .
1167 525 1174 534 .
1221 526 1228 534 .
1269 496 1417 544 fecisti3
1460 510 1483 534 a
1521 510 1600 546 quo
1639 504 1677 535 et

349 566 456 617 diligi
487 579 548 603 me
578 573 616 603 et
647 563 742 614 quid
773 570 922 600 rectum
953 561 1000 599 sit
1033 560 1205 611 intellegi
1230 560 1323 599 scio.
1385 561 1556 611 Longior
1584 575 1677 599 vero

350 641 416 671 tua
454 631 619 680 epistula
651 643 731 667 non
766 642 828 666 me
863 629 990 665 solum
1027 627 1096 664 sed
1129 640 1239 665 meos
1272 626 1400 665 omnis
1434 626 1677 676 aegritudine

350 696 500 735 levavit.
561 696 700 743 Itaque
720 700 805 730 utar
825 700 893 730 tuo
915 690 1080 729 consilio
1096 698 1134 729 et
1155 704 1221 729 ero
1241 690 1282 728 in
1303 691 1524 739 Formiano,
1541 705 1590 730 ne
1610 699 1679 730 aut

349 763 400 800 ad
417 761 553 799 urbem
575 760 779 807 ἀπάντησις
800 770 886 795 mea
909 756 1242 794 animadvertatur
1265 764 1341 803 aut,
1365 756 1396 794 si
1416 770 1490 795 nec
1519 757 1583 795 hic
1604 771 1678 795 nec

351 826 428 864 illic
457 838 547 863 eum
578 824 721 869 videro,
749 822 965 861 devitatum
996 835 1037 859 se
1065 835 1088 859 a
1119 835 1181 859 me
1211 828 1332 871 putet.
1394 823 1515 870 Quod
1544 829 1676 860 autem

350 891 490 928 suades
521 897 562 926 ut
583 889 632 926 ab
660 902 707 926 eo
728 895 859 937 petam
890 894 931 924 ut
962 886 1058 924 mihi
1088 887 1282 924 concedat
1309 893 1351 924 ut
1380 885 1487 924 idem
1508 886 1677 925 tribuam

353 953 543 1004 Pompeio
581 954 689 1002 quod
724 952 797 1002 ipsi
832 951 1044 998 tribuerim,
1079 950 1119 989 id
1159 964 1222 989 me
1260 950 1336 989 iam
1378 951 1530 1001 pridem
1565 965 1679 1001 agere

352 1020 551 1068 intelleges
583 1031 629 1056 ex
663 1016 798 1055 litteris
831 1015 944 1054 Balbi
979 1023 1016 1054 et
1049 1015 1155 1065 Oppi
1190 1029 1356 1065 quarum
1390 1018 1569 1066 exempla
1607 1016 1678 1054 tibi

354 1084 450 1122 misi.
512 1083 604 1121 Misi
625 1083 741 1121 etiam
764 1081 942 1121 Caesaris
963 1082 1013 1119 ad
1035 1094 1102 1119 eos
1133 1094 1227 1119 sana
1248 1089 1379 1119 mente
1407 1081 1568 1131 scriptas
1598 1095 1678 1131 quo

354 1150 474 1187 modo
496 1149 534 1186 in
556 1156 662 1186 tanta
683 1147 842 1185 insania.
903 1146 971 1185 Sin
993 1146 1089 1184 mihi
1107 1147 1251 1185 Caesar
1271 1147 1347 1184 hoc
1368 1160 1449 1184 non
1471 1148 1675 1194 concedat,

353 1214 468 1253 video
500 1214 569 1252 tibi
602 1215 753 1264 placere
788 1213 896 1260 illud,
925 1226 988 1250 me
1019 1213 1224 1261 πολίτευμα
1255 1212 1305 1250 de
1332 1225 1428 1261 pace
1458 1211 1654 1262 suscipere
1670 1227 1679 1259 3

354 1280 393 1318 in
415 1293 494 1330 quo
511 1293 590 1317 non
612 1279 824 1317 extimesco
844 1277 1062 1328 periculum
1076 1277 1184 1328 (cum
1205 1277 1311 1316 enim
1333 1284 1390 1315 tot
1411 1277 1678 1327 impendeant,

354 1358 422 1383 cur
466 1358 546 1381 non
592 1343 868 1382 honestissimo
912 1342 1111 1393 depecisci
1148 1342 1265 1381 velim
1279 1342 1311 1393 ?)
1351 1343 1421 1381 sed
1459 1356 1594 1381 vereor
1631 1356 1681 1380 ne

355 1409 545 1459 Pompeio
566 1408 661 1458 quid
682 1408 810 1447 oneris
831 1407 1045 1457 imponam,

545 1491 597 1541 μή
625 1507 689 1541 μοι
716 1490 889 1542 γοργείην
918 1490 1088 1539 κεφαλὴν
1116 1490 1246 1528 δεινοῖο
1275 1491 1442 1540 πελώρου

355 1572 586 1621 intorqueat.
661 1572 888 1610 Mirandum
927 1571 1033 1610 enim
1072 1571 1112 1610 in
1151 1573 1316 1611 modum
1356 1574 1515 1611 Gnaeus
1550 1579 1682 1611 noster

356 1637 503 1675 Sullani
538 1636 644 1686 regni
679 1636 975 1675 similitudinem
1009 1637 1244 1688 concupivit.
1323 1639 1439 1679 Εἰδώς
1471 1656 1534 1676 σοι
1571 1639 1680 1690 λέγω.

358 1701 466 1739 Nihil
505 1701 567 1740 ille
607 1716 795 1752 umquam
835 1701 964 1740 minus
1004 1703 1171 1741 obscure
1210 1703 1307 1741 tulit.
1389 1705 1514 1743 ‘Cum
1553 1704 1682 1741 hocne

358 1766 491 1816 igitur'
512 1766 663 1816 inquies
688 1771 793 1805 ‘esse
814 1767 920 1805 vis?’
978 1768 1223 1806 Beneficium
1254 1782 1406 1818 sequor,
1430 1767 1526 1806 mihi
1554 1769 1680 1814 crede,

359 1844 439 1868 non
459 1845 627 1878 causam,
651 1840 691 1869 ut
713 1832 751 1869 in
775 1832 937 1880 Milone,
956 1840 998 1871 ut
1018 1833 1058 1870 in
1079 1864 1086 1871 .
1111 1863 1118 1871 .
1138 1864 1145 1871 .
1169 1835 1247 1871 Sed
1268 1835 1468 1871 hactenus.
1532 1834 1684 1872 ‘Causa

359 1896 472 1946 igitur
493 1910 572 1934 non
589 1898 693 1935 bona
714 1906 771 1936 est
785 1900 821 1936 ?'
880 1900 1011 1937 Immo
1032 1899 1191 1948 optima,
1211 1901 1280 1938 sed
1301 1907 1445 1949 agetur,
1469 1907 1682 1946 memento,

360 1962 594 2001 foedissime.
673 1963 846 2001 Primum
886 1964 1093 2002 consilium
1137 1972 1195 2002 est
1234 1966 1423 2003 suffocare
1466 1965 1603 2003 urbem
1648 1972 1686 2002 et

363 2028 515 2066 Italiam
546 2030 656 2076 fame,
689 2030 834 2068 deinde
872 2044 984 2080 agros
1014 2039 1174 2077 vastare,
1210 2045 1331 2077 urere,
1367 2031 1544 2081 pecuniis
1583 2032 1688 2068 locu-

362 2096 509 2144 pletum
540 2109 612 2132 mm
646 2095 851 2134 abstinere.
925 2098 1003 2135 Sed
1032 2110 1123 2134 cum
1157 2098 1297 2135 eadem
1330 2104 1503 2135 metuam
1533 2096 1583 2135 ab
1614 2097 1687 2134 hac

408 2207 426 2235 5
451 2198 483 2227 in
502 2197 618 2227 lacuna
635 2198 708 2228 add.
726 2197 903 2229 Lehmann
919 2199 1025 2230 fecisti
1046 2200 1135 2238 quod
1152 2210 1205 2230 me
1219 2200 1260 2230 de
1281 2200 1354 2230 eius
1373 2199 1494 2230 iudicio
1508 2200 1686 2230 certiorem

364 2245 397 2270 et
422 2241 516 2277 diligi
542 2241 623 2271 Ant.
647 2241 830 2272 FLamb.:
856 2253 922 2273 om.
952 2247 985 2273 et
1010 2243 1050 2272 M
1184 2253 1222 2282 14
1246 2254 1328 2274 sana
1350 2244 1463 2283 vulg:
1493 2253 1575 2273 sane
1596 2242 1683 2274 codd.

364 2283 513 2313 Schmidt
672 2295 711 2322 23
738 2286 845 2315 hocne
862 2285 964 2318 codd..
982 2286 1018 2325 rf.
1037 2287 1105 2317 xiii.
1124 2287 1172 2317 16.
1189 2297 1208 2316 2
1225 2299 1232 2317 z
1257 2287 1378 2317 hocine
1396 2287 1534 2326 Madvig
1549 2285 1595 2316 acl
1609 2286 1683 2317 Fz'n.

367 2327 384 2357 i.
400 2338 439 2364 34
571 2336 613 2364 25
638 2332 671 2357 ut
691 2329 721 2357 in
741 2327 867 2358 Milone
885 2353 892 2359 .
910 2353 917 2359 .
935 2353 941 2360 .
961 2330 1136 2370 hactenus]
1157 2330 1224 2361 secl.
1243 2330 1367 2361 Sclzmz
1391 2330 1454 2360 alii.
1504 2330 1544 2359 In
1568 2330 1688 2359 lacuna

366 2370 440 2400 add.
476 2370 553 2400 Sex.
583 2371 615 2408 (i.
627 2381 650 2400 e.
679 2370 782 2400 Sestio
823 2371 963 2410 Papum.
1016 2374 1108 2404 Aule
1131 2374 1294 2404 hactenus
1321 2373 1396 2404 add.
1424 2374 1506 2403 haec
1533 2372 1690 2404 Graevius

368 2414 409 2443 28
434 2413 650 2453 locupletium
668 2414 795 2454 Lanzb.‚
815 2415 871 2445 scd
884 2416 919 2455 cf
932 2417 984 2447 vii.
997 2427 1025 2456 7.
1040 2428 1057 2457 7
1191 2428 1234 2458 29
1259 2427 1324 2447 non
1343 2416 1419 2448 add.
1440 2418 1526 2461 vulg.

1696 511 1714 543 5

1700 838 1739 860 10

1701 1162 1736 1194 15

1705 1507 1743 1529 20
