1827 2798
561 177 674 214 EPP.
707 178 784 214 AD
814 177 1073 216 ATTICVM
1450 178 1518 215 IX.
1544 177 1619 214 xiii

189 301 238 327 ne
277 287 437 338 cogitari
475 287 646 337 quidem.
708 289 961 338 Quamquam
1000 289 1074 327 hae
1113 302 1176 327 me
1214 288 1362 327 litterae
1399 290 1515 327 Dola-

188 353 314 390 bellae
344 352 482 390 iubent
510 353 560 390 ad
591 352 772 402 pristinas
802 352 1060 402 cogitationes
1081 353 1228 391 reverti.
1290 352 1378 391 Fuit
1407 353 1511 391 enim

186 417 311 467 pridie
333 416 603 466 Quinquatrus
624 417 776 468 egregia
796 425 1007 468 tempestas
1025 432 1035 466 ,·
1064 431 1141 468 qua
1167 431 1240 468 ego
1264 418 1373 456 illum
1398 431 1511 456 usum

187 490 293 532 puto.

148 563 165 593 5
240 547 443 599 Συναγωγὴ
481 547 733 585 consiliorum
774 555 928 585 tuorum
964 562 1044 586 non
1083 555 1140 585 est
1174 561 1197 585 a
1231 561 1293 586 me
1332 549 1554 593 conlecta3

184 613 236 650 ad
270 614 469 662 querelam
508 613 578 650 sed
613 613 734 662 magis
772 614 822 651 ad
861 613 1172 651 consolationem
1213 626 1351 650 meam.
1425 614 1510 650 Nec

186 677 291 715 enim
313 691 377 715 me
398 686 477 715 tam
499 679 596 715 haec
625 679 726 715 mala
756 678 951 727 angebant
973 691 1091 727 quam
1112 677 1283 727 suspicio
1304 678 1442 727 culpae
1466 690 1510 714 ac.

185 741 413 779 temeritatis
445 756 564 780 meae.
627 745 724 780 Eam
760 743 907 780 nullam
941 749 1037 790 puto
1071 755 1165 788 esse,
1199 740 1385 791 quoniam
1421 755 1510 779 cum

186 806 358 844 consiliis
379 806 454 844 tuis
482 821 570 845 mea
590 809 691 845 sacta
711 815 749 845 et
770 806 933 845 consilia
952 806 1213 844 consentiunt.
1273 807 1395 854 Quod
1425 820 1511 844 mea

128 886 166 907 10
186 871 478 920 praedicatione
505 873 651 910 factum
676 885 761 910 esse
790 870 926 909 scribis
956 870 1078 921 magis
1106 884 1224 920 quam
1251 870 1352 908 illius
1374 871 1512 908 merito

186 944 228 974 ut
249 944 401 974 tantum
423 937 458 975 ei
479 937 624 975 debere
644 937 804 983 viderer,
828 944 885 974 est
906 935 968 974 ita.
1029 937 1114 985 Ego
1135 936 1199 973 illa
1219 936 1337 974 extuli
1358 949 1511 986 semper

185 1010 223 1039 et
244 1015 292 1040 eo
313 1002 474 1051 quidem
496 1001 618 1050 magis
640 1015 689 1039 ne
710 1000 805 1050 quid
833 1000 896 1038 ille
921 999 1163 1049 superiorum
1194 999 1418 1038 meminisse
1449 1014 1510 1038 me

185 1075 348 1116 putaret.
408 1068 521 1114 Quae
551 1066 582 1104 si
612 1066 779 1103 maxime
810 1065 1088 1112 meminissem,
1120 1073 1251 1103 tamen
1284 1064 1385 1102 illius
1417 1073 1511 1103 tem-

185 1132 288 1181 poris
318 1131 614 1170 similitudinem
642 1130 718 1168 iam
746 1130 856 1180 sequi
877 1131 1073 1168 deberem.
1134 1129 1243 1167 Nihil
1270 1142 1333 1167 me
1361 1129 1508 1167 adiuvit

127 1209 163 1241 ¹5
184 1210 274 1235 cum
296 1204 427 1247 posset
444 1211 454 1245 3
484 1198 554 1234 sed
574 1204 711 1246 postea
731 1195 801 1233 suit
828 1195 987 1240 amicus,
1011 1194 1127 1233 etiam
1148 1195 1272 1240 valde,
1296 1207 1368 1232 ηερ
1390 1208 1506 1243 quam

183 1263 236 1301 ob
256 1275 415 1300 causam
436 1263 551 1311 plane
573 1261 664 1299 scio.
726 1263 829 1310 Ergo
850 1274 922 1310 ego
943 1273 1102 1309 quoque
1128 1258 1193 1297 illi.
1253 1258 1361 1307 Quin
1391 1258 1507 1297 etiam

183 1327 279 1366 illud
299 1341 367 1378 par
388 1327 427 1365 in
448 1336 614 1377 utroque
635 1335 823 1373 nostrum,
840 1327 948 1375 quod
968 1326 1019 1363 ab
1039 1325 1188 1363 eisdem
1209 1324 1340 1363 inlecti
1361 1338 1506 1362 sumus.

183 1394 260 1431 Sed
300 1392 449 1430 utinam
489 1400 641 1430 tantum
673 1406 747 1441 ego
781 1391 816 1430 ei
850 1392 1037 1441 prodesse
1069 1390 1284 1440 potuissem
1317 1397 1507 1439 quantum

182 1457 278 1495 mihi
317 1457 380 1495 ille
418 1457 572 1507 potuit!
645 1457 746 1495 Mihi
786 1464 918 1495 tamen
958 1457 1065 1506 quod
1104 1455 1195 1493 fecit
1233 1454 1505 1505 gratissimum.

124 1536 163 1560 20
182 1524 268 1561 Nec
295 1536 368 1573 ego
395 1536 501 1560 nunc
528 1536 618 1560 eum
646 1522 777 1560 iuvare
804 1536 882 1571 qua
905 1535 945 1559 re
974 1520 1120 1571 possim
1149 1520 1230 1558 scio
1257 1533 1341 1566 nec,
1365 1518 1395 1557 si
1423 1532 1508 1568 pos-

181 1601 274 1634 sem,
316 1602 407 1626 cum
456 1596 533 1625 tam
583 1587 809 1638 pestiferum
848 1588 994 1625 bellum
1035 1593 1197 1636 pararet,
1237 1585 1503 1623 adiuvandum

180 1661 367 1703 putarem.
426 1655 599 1690 Tantum
620 1654 819 1691 offendere
839 1652 1013 1690 animum
1036 1651 1117 1689 eius
1139 1650 1202 1688 hic
1229 1663 1392 1688 manens
1413 1651 1505 1687 nolo
1525 1656 1550 1692 4

181 1731 254 1756 ηερ
284 1732 347 1756 me
368 1719 525 1756 hercule
546 1717 619 1755 ista
639 1717 770 1756 videre
792 1731 893 1766 quae
915 1725 955 1755 tu
977 1724 1090 1766 potes
1117 1715 1194 1753 iam
1221 1715 1354 1753 animo
1383 1713 1508 1764 provi-

181 1784 284 1829 dere,
308 1795 382 1820 ηερ
410 1782 596 1820 interesse
626 1781 707 1819 istis
738 1781 848 1819 malis
873 1795 1041 1831 possem.
1101 1781 1179 1818 Sed
1209 1793 1257 1818 eo
1287 1778 1432 1816 tardior
1458 1779 1507 1816 ad

124 1863 161 1894 25
183 1848 470 1887 discedendum
502 1847 555 1884 fui
588 1849 696 1897 quod
728 1846 885 1885 difficile
917 1855 974 1884 est
1004 1848 1054 1884 de
1084 1845 1258 1884 discessu
1288 1842 1508 1881 voluntario

182 1912 265 1951 sine
286 1914 364 1950 ulla
383 1926 452 1961 spe
472 1912 619 1950 reditus
646 1911 825 1961 cogitare.
886 1913 990 1949 Nam
1020 1924 1093 1961 ego
1123 1912 1228 1948 hunc
1255 1908 1309 1946 ita
1328 1915 1504 1958 paratum

180 1977 295 2016 video
329 1977 517 2027 peditatu,
546 1976 733 2026 equitatu,
762 1976 961 2022 classibus,
991 1975 1142 2013 auxiliis
1173 1975 1374 2013 Gallorum
1406 1985 1505 2021 quos

181 2042 328 2080 Matius
361 2044 541 2088 ἐλάπιζεν,
568 2050 610 2079 ut
640 2050 746 2091 puto,
777 2043 846 2079 sed
876 2049 979 2079 certe
1009 2041 1166 2078 dicebat
1194 2070 1201 2077 .
1234 2070 1241 2077 .
1274 2069 1282 2076 .
1313 2037 1501 2088 peditum,

181 2107 358 2157 equitum
378 2120 420 2145 se
439 2106 614 2156 polliceri
634 2114 793 2156 sumptu
815 2119 886 2143 suo
906 2119 1031 2143 annos
1052 2107 1202 2143 decem.
1262 2105 1340 2142 Sed
1362 2102 1409 2140 sit
1430 2104 1504 2141 hoc

228 2237 241 2258 1
269 2238 322 2258 me
352 2226 536 2257 Corradus:
574 2226 654 2257 mihi
684 2225 730 2258 M.
759 2225 817 2256 sed
840 2227 876 2265 cf
902 2225 1061 2256 Srlnnalz
1091 2223 1376 2255 ‘Antibarbarus’
1402 2224 1419 2255 i.
1445 2235 1506 2263 735

184 2280 221 2310 15
247 2271 306 2301 sed
330 2271 410 2301 coni.
434 2269 637 2307 Wesenberg:
664 2275 699 2300 et
716 2269 774 2301 M:
809 2280 873 2300 om.
894 2269 1034 2308 Madvzg
1142 2279 1204 2299 nec
1224 2278 1323 2307 quarn
1346 2266 1506 2307 Madvig:

181 2320 214 2344 et
231 2324 332 2353 quam
349 2314 388 2343 M
403 2326 409 2344 :
433 2324 571 2352 ecquam
589 2313 710 2343 Rosius
801 2315 838 2342 16
855 2313 968 2343 nescio
986 2312 1106 2342 Rosius
1196 2321 1235 2350 19
1253 2315 1328 2352 pos!
1338 2311 1417 2341 fecit
1430 2310 1503 2341 add.

181 2358 319 2388 alterum
337 2357 417 2387 fecit
434 2368 498 2387 non
516 2357 602 2387 nulli
689 2367 730 2395 24
748 2366 885 2395 possum
899 2356 978 2388 coni.
1000 2356 1103 2387 Orelli
1187 2357 1229 2386 28
1246 2365 1339 2386 ccmo
1357 2354 1506 2394 peditum

180 2401 300 2432 Bosius
311 2412 323 2439 ;
348 2401 495 2441 idemque
511 2411 590 2431 mox
605 2410 667 2432 sex
678 2405 741 2441 pro
757 2410 793 2431 se

1357 2452 1419 2483 21*
