<?xml version="1.0" encoding="UTF-8"?>
<!DOCTYPE html PUBLIC "-//W3C//DTD XHTML 1.0 Transitional//EN"
    "http://www.w3.org/TR/xhtml1/DTD/xhtml1-transitional.dtd">
<html xmlns="http://www.w3.org/1999/xhtml" xml:lang="en" lang="en">
 <head>
  <title>
</title>
<meta http-equiv="Content-Type" content="text/html;charset=utf-8" />
  <meta name='ocr-system' content='tesseract 3.04.00' />
  <meta name='ocr-capabilities' content='ocr_page ocr_carea ocr_par ocr_line ocrx_word'/>
</head>
<body>
  <div class='ocr_page' id='page_1' title='image "./epistulaerecogno0202ciceuoft_0299.png"; bbox 0 0 1827 2798; ppageno 0'>
   <div class='ocr_carea' id='block_1_1' title="bbox 578 144 1646 183">
    <p class='ocr_par' dir='ltr' id='par_1_1' title="bbox 578 144 1646 183">
     <span class='ocr_line' id='line_1_1' title="bbox 578 144 1646 183; baseline 0 -1"><span class='ocrx_word' id='word_1_1' title='bbox 578 145 692 182; x_wconf 89' lang='lat' dir='ltr'>EPP.</span> <span class='ocrx_word' id='word_1_2' title='bbox 724 145 802 181; x_wconf 88' lang='lat' dir='ltr'>AD</span> <span class='ocrx_word' id='word_1_3' title='bbox 831 144 1092 183; x_wconf 82' lang='lat' dir='ltr'><strong>ATTICVM</strong></span> <span class='ocrx_word' id='word_1_4' title='bbox 1400 144 1511 183; x_wconf 92' lang='lat' dir='ltr'><strong>XVI.</strong></span> <span class='ocrx_word' id='word_1_5' title='bbox 1530 146 1607 182; x_wconf 86' lang='lat' dir='ltr'>xvi</span> <span class='ocrx_word' id='word_1_6' title='bbox 1623 156 1646 182; x_wconf 83' lang='lat' dir='ltr'>c</span> 
     </span>
    </p>
   </div>
   <div class='ocr_carea' id='block_1_2' title="bbox 108 253 1561 2185">
    <p class='ocr_par' dir='ltr' id='par_1_2' title="bbox 170 253 1554 501">
     <span class='ocr_line' id='line_1_2' title="bbox 171 253 1554 305; baseline 0 -12"><span class='ocrx_word' id='word_1_7' title='bbox 171 253 406 305; x_wconf 80' lang='lat' dir='ltr'>intellegam,</span> <span class='ocrx_word' id='word_1_8' title='bbox 429 269 493 294; x_wconf 90' lang='lat' dir='ltr'>me</span> <span class='ocrx_word' id='word_1_9' title='bbox 512 269 534 294; x_wconf 92' lang='lat' dir='ltr'>a</span> <span class='ocrx_word' id='word_1_10' title='bbox 555 263 593 294; x_wconf 91' lang='lat' dir='ltr'>te</span> <span class='ocrx_word' id='word_1_11' title='bbox 613 257 779 294; x_wconf 89' lang='lat' dir='ltr'>multum</span> <span class='ocrx_word' id='word_1_12' title='bbox 803 255 933 294; x_wconf 84' lang='lat' dir='ltr'>amari.</span> <span class='ocrx_word' id='word_1_13' title='bbox 994 254 1223 294; x_wconf 86' lang='lat' dir='ltr'>Buthrotios</span> <span class='ocrx_word' id='word_1_14' title='bbox 1242 268 1334 294; x_wconf 91' lang='lat' dir='ltr'>cum</span> <span class='ocrx_word' id='word_1_15' title='bbox 1355 255 1499 295; x_wconf 86' lang='lat' dir='ltr'>Caesar</span> <span class='ocrx_word' id='word_1_16' title='bbox 1518 266 1554 293; x_wconf 88' lang='lat'>11</span> 
     </span>
     <span class='ocr_line' id='line_1_3' title="bbox 171 319 1498 371; baseline -0.001 -12"><span class='ocrx_word' id='word_1_17' title='bbox 171 322 331 359; x_wconf 91' lang='lat' dir='ltr'>decreto</span> <span class='ocrx_word' id='word_1_18' title='bbox 365 334 438 359; x_wconf 89' lang='lat' dir='ltr'>suo</span> <span class='ocrx_word' id='word_1_19' title='bbox 472 323 580 370; x_wconf 78' lang='lat' dir='ltr'>quod</span> <span class='ocrx_word' id='word_1_20' title='bbox 612 334 685 370; x_wconf 89' lang='lat' dir='ltr'>ego</span> <span class='ocrx_word' id='word_1_21' title='bbox 719 320 921 370; x_wconf 78' lang='lat' dir='ltr'>obsignavi</span> <span class='ocrx_word' id='word_1_22' title='bbox 954 334 1045 359; x_wconf 90' lang='lat' dir='ltr'>cum</span> <span class='ocrx_word' id='word_1_23' title='bbox 1081 320 1212 359; x_wconf 84' lang='lat' dir='ltr'>multis</span> <span class='ocrx_word' id='word_1_24' title='bbox 1245 319 1498 371; x_wconf 84' lang='lat' dir='ltr'>amplissimis</span> 
     </span>
     <span class='ocr_line' id='line_1_4' title="bbox 170 385 1499 436; baseline 0.001 -13"><span class='ocrx_word' id='word_1_25' title='bbox 170 385 259 424; x_wconf 87' lang='lat' dir='ltr'>viris</span> <span class='ocrx_word' id='word_1_26' title='bbox 289 386 529 424; x_wconf 75' lang='lat' dir='ltr'>liberavisset</span> <span class='ocrx_word' id='word_1_27' title='bbox 553 385 868 436; x_wconf 87' lang='lat' dir='ltr'>ostendissetque</span> <span class='ocrx_word' id='word_1_28' title='bbox 895 385 1010 424; x_wconf 88' lang='lat' dir='ltr'>nobis</span> <span class='ocrx_word' id='word_1_29' title='bbox 1037 399 1092 433; x_wconf 78' lang='lat' dir='ltr'>se,</span> <span class='ocrx_word' id='word_1_30' title='bbox 1112 400 1202 424; x_wconf 91' lang='lat' dir='ltr'>cum</span> <span class='ocrx_word' id='word_1_31' title='bbox 1229 385 1367 436; x_wconf 86' lang='lat' dir='ltr'>agrarii</span> <span class='ocrx_word' id='word_1_32' title='bbox 1394 399 1499 425; x_wconf 90' lang='lat' dir='ltr'>mare</span> 
     </span>
     <span class='ocr_line' id='line_1_5' title="bbox 170 450 1500 501; baseline 0.001 -13"><span class='ocrx_word' id='word_1_33' title='bbox 170 451 409 498; x_wconf 80' lang='lat' dir='ltr'>transissent,</span> <span class='ocrx_word' id='word_1_34' title='bbox 432 451 576 489; x_wconf 79' lang='lat' dir='ltr'>litteras</span> <span class='ocrx_word' id='word_1_35' title='bbox 603 450 811 489; x_wconf 89' lang='lat' dir='ltr'>missurum</span> <span class='ocrx_word' id='word_1_36' title='bbox 832 464 949 500; x_wconf 86' lang='lat' dir='ltr'>quem</span> <span class='ocrx_word' id='word_1_37' title='bbox 978 451 1016 488; x_wconf 92' lang='lat' dir='ltr'>in</span> <span class='ocrx_word' id='word_1_38' title='bbox 1043 464 1178 501; x_wconf 84' lang='lat' dir='ltr'>agrum</span> <span class='ocrx_word' id='word_1_39' title='bbox 1199 452 1500 499; x_wconf 81' lang='lat' dir='ltr'>deducerentur,</span> 
     </span>
    </p>

    <p class='ocr_par' dir='ltr' id='par_1_3' title="bbox 132 515 1501 826">
     <span class='ocr_line' id='line_1_6' title="bbox 132 515 1498 566; baseline 0.001 -13"><span class='ocrx_word' id='word_1_40' title='bbox 132 529 149 561; x_wconf 86' lang='lat'>5</span> <span class='ocrx_word' id='word_1_41' title='bbox 169 515 313 554; x_wconf 88' lang='lat' dir='ltr'>accidit</span> <span class='ocrx_word' id='word_1_42' title='bbox 342 524 384 553; x_wconf 89' lang='lat' dir='ltr'>ut</span> <span class='ocrx_word' id='word_1_43' title='bbox 413 515 544 554; x_wconf 90' lang='lat' dir='ltr'>subito</span> <span class='ocrx_word' id='word_1_44' title='bbox 578 515 642 554; x_wconf 88' lang='lat' dir='ltr'>ille</span> <span class='ocrx_word' id='word_1_45' title='bbox 676 515 856 554; x_wconf 87' lang='lat' dir='ltr'>interiret.</span> <span class='ocrx_word' id='word_1_46' title='bbox 920 515 1076 554; x_wconf 87' lang='lat' dir='ltr'>Deinde</span> <span class='ocrx_word' id='word_1_47' title='bbox 1105 529 1224 566; x_wconf 88' lang='lat' dir='ltr'>quern</span> <span class='ocrx_word' id='word_1_48' title='bbox 1252 517 1305 555; x_wconf 88' lang='lat' dir='ltr'>ad</span> <span class='ocrx_word' id='word_1_49' title='bbox 1334 517 1498 555; x_wconf 90' lang='lat' dir='ltr'>modum</span> 
     </span>
     <span class='ocr_line' id='line_1_7' title="bbox 170 579 1500 631; baseline 0.002 -14"><span class='ocrx_word' id='word_1_50' title='bbox 170 586 211 617; x_wconf 90' lang='lat' dir='ltr'>tu</span> <span class='ocrx_word' id='word_1_51' title='bbox 233 579 308 617; x_wconf 88' lang='lat' dir='ltr'>scis</span> <span class='ocrx_word' id='word_1_52' title='bbox 329 580 554 629; x_wconf 84' lang='lat' dir='ltr'>(interfuisti</span> <span class='ocrx_word' id='word_1_53' title='bbox 574 579 711 631; x_wconf 85' lang='lat' dir='ltr'>enim),</span> <span class='ocrx_word' id='word_1_54' title='bbox 732 593 821 618; x_wconf 83' lang='lat' dir='ltr'>curn</span> <span class='ocrx_word' id='word_1_55' title='bbox 847 582 1028 618; x_wconf 86' lang='lat' dir='ltr'>consules</span> <span class='ocrx_word' id='word_1_56' title='bbox 1055 588 1251 630; x_wconf 89' lang='lat' dir='ltr'>oporteret</span> <span class='ocrx_word' id='word_1_57' title='bbox 1271 594 1318 619; x_wconf 87' lang='lat' dir='ltr'>ex</span> <span class='ocrx_word' id='word_1_58' title='bbox 1342 588 1500 620; x_wconf 88' lang='lat' dir='ltr'>senatus</span> 
     </span>
     <span class='ocr_line' id='line_1_8' title="bbox 168 644 1496 694; baseline 0.001 -12"><span class='ocrx_word' id='word_1_59' title='bbox 168 646 351 682; x_wconf 88' lang='lat' dir='ltr'>consulto</span> <span class='ocrx_word' id='word_1_60' title='bbox 371 645 421 683; x_wconf 87' lang='lat' dir='ltr'>de</span> <span class='ocrx_word' id='word_1_61' title='bbox 441 644 537 682; x_wconf 87' lang='lat' dir='ltr'>actis</span> <span class='ocrx_word' id='word_1_62' title='bbox 559 644 736 683; x_wconf 76' lang='lat' dir='ltr'>Caesaris</span> <span class='ocrx_word' id='word_1_63' title='bbox 757 658 1004 694; x_wconf 83' lang='lat' dir='ltr'>cognoscere,</span> <span class='ocrx_word' id='word_1_64' title='bbox 1022 658 1082 683; x_wconf 90' lang='lat' dir='ltr'>res</span> <span class='ocrx_word' id='word_1_65' title='bbox 1100 645 1152 683; x_wconf 87' lang='lat' dir='ltr'>ab</span> <span class='ocrx_word' id='word_1_66' title='bbox 1173 644 1218 683; x_wconf 90' lang='lat' dir='ltr'>iis</span> <span class='ocrx_word' id='word_1_67' title='bbox 1239 644 1279 682; x_wconf 93' lang='lat' dir='ltr'>in</span> <span class='ocrx_word' id='word_1_68' title='bbox 1302 647 1389 683; x_wconf 88' lang='lat' dir='ltr'>Kal.</span> <span class='ocrx_word' id='word_1_69' title='bbox 1411 647 1496 684; x_wconf 92' lang='lat' dir='ltr'>Iun.</span> 
     </span>
     <span class='ocr_line' id='line_1_9' title="bbox 169 709 1500 760; baseline 0 -11"><span class='ocrx_word' id='word_1_70' title='bbox 169 709 290 749; x_wconf 89' lang='lat' dir='ltr'>dilata</span> <span class='ocrx_word' id='word_1_71' title='bbox 313 718 381 748; x_wconf 91' lang='lat' dir='ltr'>est.</span> <span class='ocrx_word' id='word_1_72' title='bbox 441 709 619 747; x_wconf 84' lang='lat' dir='ltr'>Accessit</span> <span class='ocrx_word' id='word_1_73' title='bbox 636 711 690 748; x_wconf 86' lang='lat' dir='ltr'>ad</span> <span class='ocrx_word' id='word_1_74' title='bbox 711 718 867 747; x_wconf 87' lang='lat' dir='ltr'>senatus</span> <span class='ocrx_word' id='word_1_75' title='bbox 896 711 1120 748; x_wconf 86' lang='lat' dir='ltr'>consultum</span> <span class='ocrx_word' id='word_1_76' title='bbox 1142 711 1202 748; x_wconf 80' lang='lat' dir='ltr'>lex</span> <span class='ocrx_word' id='word_1_77' title='bbox 1223 724 1323 760; x_wconf 83' lang='lat' dir='ltr'>quae</span> <span class='ocrx_word' id='word_1_78' title='bbox 1344 712 1421 749; x_wconf 87' lang='lat' dir='ltr'>lata</span> <span class='ocrx_word' id='word_1_79' title='bbox 1441 718 1500 749; x_wconf 89' lang='lat' dir='ltr'>est</span> 
     </span>
     <span class='ocr_line' id='line_1_10' title="bbox 169 772 1501 826; baseline 0.001 -14"><span class='ocrx_word' id='word_1_80' title='bbox 169 787 202 812; x_wconf 89' lang='lat' dir='ltr'>a.</span> <span class='ocrx_word' id='word_1_81' title='bbox 234 775 270 813; x_wconf 91' lang='lat' dir='ltr'>d.</span> <span class='ocrx_word' id='word_1_82' title='bbox 300 786 362 812; x_wconf 88' lang='lat'>1111</span> <span class='ocrx_word' id='word_1_83' title='bbox 391 776 495 812; x_wconf 88' lang='lat' dir='ltr'>Non.</span> <span class='ocrx_word' id='word_1_84' title='bbox 522 772 660 826; x_wconf 83' lang='lat' dir='ltr'>[Iun.],</span> <span class='ocrx_word' id='word_1_85' title='bbox 684 788 785 824; x_wconf 85' lang='lat' dir='ltr'>quae</span> <span class='ocrx_word' id='word_1_86' title='bbox 819 776 879 812; x_wconf 84' lang='lat' dir='ltr'>lex</span> <span class='ocrx_word' id='word_1_87' title='bbox 907 788 1041 812; x_wconf 89' lang='lat' dir='ltr'>earum</span> <span class='ocrx_word' id='word_1_88' title='bbox 1071 788 1197 813; x_wconf 91' lang='lat' dir='ltr'>rerum</span> <span class='ocrx_word' id='word_1_89' title='bbox 1228 789 1326 825; x_wconf 84' lang='lat' dir='ltr'>quas</span> <span class='ocrx_word' id='word_1_90' title='bbox 1356 776 1501 815; x_wconf 88' lang='lat' dir='ltr'>Caesar</span> 
     </span>
    </p>

    <p class='ocr_par' dir='ltr' id='par_1_4' title="bbox 111 839 1561 1148">
     <span class='ocr_line' id='line_1_11' title="bbox 111 839 1496 889; baseline 0.003 -14"><span class='ocrx_word' id='word_1_91' title='bbox 111 852 150 876; x_wconf 92' lang='lat'>10</span> <span class='ocrx_word' id='word_1_92' title='bbox 170 839 378 884; x_wconf 81' lang='lat' dir='ltr'>statuisset,</span> <span class='ocrx_word' id='word_1_93' title='bbox 397 839 642 886; x_wconf 83' lang='lat' dir='ltr'>decrevisset,</span> <span class='ocrx_word' id='word_1_94' title='bbox 665 839 816 889; x_wconf 82' lang='lat' dir='ltr'>egisset,</span> <span class='ocrx_word' id='word_1_95' title='bbox 837 839 1068 878; x_wconf 85' lang='lat' dir='ltr'>consulibus</span> <span class='ocrx_word' id='word_1_96' title='bbox 1087 840 1354 889; x_wconf 83' lang='lat' dir='ltr'>cognitionem</span> <span class='ocrx_word' id='word_1_97' title='bbox 1375 840 1496 879; x_wconf 91' lang='lat' dir='ltr'>dedit.</span> 
     </span>
     <span class='ocr_line' id='line_1_12' title="bbox 170 903 1499 944; baseline 0 -1"><span class='ocrx_word' id='word_1_98' title='bbox 170 906 300 944; x_wconf 86' lang='lat' dir='ltr'>Causa</span> <span class='ocrx_word' id='word_1_99' title='bbox 340 903 634 942; x_wconf 82' lang='lat' dir='ltr'>Buthrotiorum</span> <span class='ocrx_word' id='word_1_100' title='bbox 673 905 802 943; x_wconf 86' lang='lat' dir='ltr'>delata</span> <span class='ocrx_word' id='word_1_101' title='bbox 841 912 900 942; x_wconf 89' lang='lat' dir='ltr'>est</span> <span class='ocrx_word' id='word_1_102' title='bbox 937 905 987 943; x_wconf 85' lang='lat' dir='ltr'>ad</span> <span class='ocrx_word' id='word_1_103' title='bbox 1028 907 1219 943; x_wconf 75' lang='lat' dir='ltr'>consules.</span> <span class='ocrx_word' id='word_1_104' title='bbox 1286 907 1499 943; x_wconf 85' lang='lat' dir='ltr'>Decretum</span> 
     </span>
     <span class='ocr_line' id='line_1_13' title="bbox 169 968 1499 1019; baseline 0.001 -11"><span class='ocrx_word' id='word_1_105' title='bbox 169 968 347 1008; x_wconf 87' lang='lat' dir='ltr'>Caesaris</span> <span class='ocrx_word' id='word_1_106' title='bbox 382 968 586 1006; x_wconf 87' lang='lat' dir='ltr'>recitatum</span> <span class='ocrx_word' id='word_1_107' title='bbox 620 976 678 1006; x_wconf 88' lang='lat' dir='ltr'>est</span> <span class='ocrx_word' id='word_1_108' title='bbox 711 977 749 1006; x_wconf 90' lang='lat' dir='ltr'>et</span> <span class='ocrx_word' id='word_1_109' title='bbox 781 969 895 1006; x_wconf 86' lang='lat' dir='ltr'>multi</span> <span class='ocrx_word' id='word_1_110' title='bbox 930 977 1128 1019; x_wconf 85' lang='lat' dir='ltr'>praeterea</span> <span class='ocrx_word' id='word_1_111' title='bbox 1167 969 1287 1007; x_wconf 85' lang='lat' dir='ltr'>libelli</span> <span class='ocrx_word' id='word_1_112' title='bbox 1322 970 1499 1009; x_wconf 88' lang='lat' dir='ltr'>Caesaris</span> 
     </span>
     <span class='ocr_line' id='line_1_14' title="bbox 168 1033 1501 1084; baseline 0.001 -13"><span class='ocrx_word' id='word_1_113' title='bbox 168 1034 318 1084; x_wconf 89' lang='lat' dir='ltr'>prolati.</span> <span class='ocrx_word' id='word_1_114' title='bbox 378 1034 572 1073; x_wconf 88' lang='lat' dir='ltr'>Consules</span> <span class='ocrx_word' id='word_1_115' title='bbox 601 1034 652 1071; x_wconf 89' lang='lat' dir='ltr'>de</span> <span class='ocrx_word' id='word_1_116' title='bbox 683 1033 820 1071; x_wconf 89' lang='lat' dir='ltr'>consili</span> <span class='ocrx_word' id='word_1_117' title='bbox 853 1033 1046 1071; x_wconf 89' lang='lat' dir='ltr'>sententia</span> <span class='ocrx_word' id='word_1_118' title='bbox 1079 1035 1336 1072; x_wconf 83' lang='lat' dir='ltr'>decreverunt</span> <span class='ocrx_word' id='word_1_119' title='bbox 1364 1048 1501 1072; x_wconf 91' lang='lat' dir='ltr'>secun-</span> 
     </span>
     <span class='ocr_line' id='line_1_15' title="bbox 168 1098 1561 1148; baseline 0.001 -12"><span class='ocrx_word' id='word_1_120' title='bbox 168 1100 264 1137; x_wconf 87' lang='lat' dir='ltr'>dum</span> <span class='ocrx_word' id='word_1_121' title='bbox 287 1098 514 1137; x_wconf 88' lang='lat' dir='ltr'>Buthrotios</span> <span class='ocrx_word' id='word_1_122' title='bbox 542 1129 549 1136; x_wconf 90' lang='lat'><strong><em>.</em></strong></span> <span class='ocrx_word' id='word_1_123' title='bbox 573 1129 581 1135; x_wconf 89' lang='lat'>.</span> <span class='ocrx_word' id='word_1_124' title='bbox 605 1129 612 1136; x_wconf 96' lang='lat'>.</span> <span class='ocrx_word' id='word_1_125' title='bbox 639 1100 828 1136; x_wconf 85' lang='lat' dir='ltr'>Plancum</span> <span class='ocrx_word' id='word_1_126' title='bbox 849 1099 1053 1136; x_wconf 86' lang='lat' dir='ltr'>dederunt.</span> <span class='ocrx_word' id='word_1_127' title='bbox 1114 1100 1242 1145; x_wconf 90' lang='lat' dir='ltr'>Nunc,</span> <span class='ocrx_word' id='word_1_128' title='bbox 1268 1098 1321 1136; x_wconf 87' lang='lat' dir='ltr'>mi</span> <span class='ocrx_word' id='word_1_129' title='bbox 1343 1099 1496 1148; x_wconf 86' lang='lat' dir='ltr'>Capito,</span> <span class='ocrx_word' id='word_1_130' title='bbox 1519 1110 1561 1138; x_wconf 88' lang='lat'>12</span> 
     </span>
    </p>

    <p class='ocr_par' dir='ltr' id='par_1_5' title="bbox 112 1162 1502 1474">
     <span class='ocr_line' id='line_1_16' title="bbox 112 1162 1500 1214; baseline 0.001 -15"><span class='ocrx_word' id='word_1_131' title='bbox 112 1176 149 1208; x_wconf 89' lang='lat'>15</span> <span class='ocrx_word' id='word_1_132' title='bbox 169 1164 268 1214; x_wconf 89' lang='lat' dir='ltr'>(scio</span> <span class='ocrx_word' id='word_1_133' title='bbox 294 1163 400 1201; x_wconf 88' lang='lat' dir='ltr'>enirn</span> <span class='ocrx_word' id='word_1_134' title='bbox 423 1171 616 1212; x_wconf 87' lang='lat' dir='ltr'>quantum</span> <span class='ocrx_word' id='word_1_135' title='bbox 647 1176 800 1212; x_wconf 87' lang='lat' dir='ltr'>semper</span> <span class='ocrx_word' id='word_1_136' title='bbox 825 1164 930 1211; x_wconf 85' lang='lat' dir='ltr'>apud</span> <span class='ocrx_word' id='word_1_137' title='bbox 955 1176 1023 1200; x_wconf 88' lang='lat' dir='ltr'>eos</span> <span class='ocrx_word' id='word_1_138' title='bbox 1043 1162 1281 1212; x_wconf 87' lang='lat' dir='ltr'>quibuscum</span> <span class='ocrx_word' id='word_1_139' title='bbox 1308 1163 1360 1201; x_wconf 89' lang='lat' dir='ltr'>sis</span> <span class='ocrx_word' id='word_1_140' title='bbox 1384 1177 1500 1213; x_wconf 90' lang='lat' dir='ltr'>posse</span> 
     </span>
     <span class='ocr_line' id='line_1_17' title="bbox 167 1226 1501 1277; baseline 0 -11"><span class='ocrx_word' id='word_1_141' title='bbox 167 1230 304 1274; x_wconf 49' lang='lat' dir='ltr'>soleas</span> <span class='ocrx_word' id='word_1_142' title='bbox 332 1241 381 1265; x_wconf 89' lang='lat' dir='ltr'>eo</span> <span class='ocrx_word' id='word_1_143' title='bbox 410 1229 497 1277; x_wconf 88' lang='lat' dir='ltr'>plus</span> <span class='ocrx_word' id='word_1_144' title='bbox 526 1228 632 1276; x_wconf 88' lang='lat' dir='ltr'>apud</span> <span class='ocrx_word' id='word_1_145' title='bbox 662 1226 863 1265; x_wconf 87' lang='lat' dir='ltr'>hominem</span> <span class='ocrx_word' id='word_1_146' title='bbox 894 1227 1123 1265; x_wconf 86' lang='lat' dir='ltr'>facillimum</span> <span class='ocrx_word' id='word_1_147' title='bbox 1155 1235 1275 1277; x_wconf 87' lang='lat' dir='ltr'>atque</span> <span class='ocrx_word' id='word_1_148' title='bbox 1304 1228 1501 1267; x_wconf 85' lang='lat' dir='ltr'>humanis-</span> 
     </span>
     <span class='ocr_line' id='line_1_18' title="bbox 168 1290 1501 1341; baseline 0 -10"><span class='ocrx_word' id='word_1_149' title='bbox 168 1293 312 1331; x_wconf 84' lang='lat' dir='ltr'>simum</span> <span class='ocrx_word' id='word_1_150' title='bbox 335 1290 553 1341; x_wconf 84' lang='lat' dir='ltr'>Plancum),</span> <span class='ocrx_word' id='word_1_151' title='bbox 572 1291 729 1337; x_wconf 86' lang='lat' dir='ltr'>enitere,</span> <span class='ocrx_word' id='word_1_152' title='bbox 750 1292 908 1329; x_wconf 86' lang='lat' dir='ltr'>elabora</span> <span class='ocrx_word' id='word_1_153' title='bbox 926 1293 987 1330; x_wconf 77' lang='lat' dir='ltr'>vel</span> <span class='ocrx_word' id='word_1_154' title='bbox 1008 1291 1138 1341; x_wconf 89' lang='lat' dir='ltr'>potius</span> <span class='ocrx_word' id='word_1_155' title='bbox 1160 1292 1372 1340; x_wconf 89' lang='lat' dir='ltr'>eblandire,</span> <span class='ocrx_word' id='word_1_156' title='bbox 1391 1294 1501 1331; x_wconf 87' lang='lat' dir='ltr'>effice</span> 
     </span>
     <span class='ocr_line' id='line_1_19' title="bbox 167 1357 1502 1407; baseline 0 -11"><span class='ocrx_word' id='word_1_157' title='bbox 167 1367 210 1397; x_wconf 90' lang='lat' dir='ltr'>ut</span> <span class='ocrx_word' id='word_1_158' title='bbox 245 1360 412 1396; x_wconf 87' lang='lat' dir='ltr'>Plancus</span> <span class='ocrx_word' id='word_1_159' title='bbox 451 1370 572 1407; x_wconf 84' lang='lat' dir='ltr'>quem</span> <span class='ocrx_word' id='word_1_160' title='bbox 611 1370 725 1406; x_wconf 89' lang='lat' dir='ltr'>spero</span> <span class='ocrx_word' id='word_1_161' title='bbox 764 1357 959 1406; x_wconf 86' lang='lat' dir='ltr'>optimum</span> <span class='ocrx_word' id='word_1_162' title='bbox 996 1370 1081 1395; x_wconf 87' lang='lat' dir='ltr'>esse</span> <span class='ocrx_word' id='word_1_163' title='bbox 1120 1357 1169 1395; x_wconf 89' lang='lat' dir='ltr'>sit</span> <span class='ocrx_word' id='word_1_164' title='bbox 1208 1357 1326 1396; x_wconf 85' lang='lat' dir='ltr'>etiam</span> <span class='ocrx_word' id='word_1_165' title='bbox 1366 1358 1502 1396; x_wconf 87' lang='lat' dir='ltr'>melior</span> 
     </span>
     <span class='ocr_line' id='line_1_20' title="bbox 168 1422 1501 1474; baseline -0.001 -12"><span class='ocrx_word' id='word_1_166' title='bbox 168 1437 286 1474; x_wconf 87' lang='lat' dir='ltr'>opera</span> <span class='ocrx_word' id='word_1_167' title='bbox 316 1432 392 1461; x_wconf 73' lang='lat' dir='ltr'>tua,</span> <span class='ocrx_word' id='word_1_168' title='bbox 453 1422 630 1461; x_wconf 85' lang='lat' dir='ltr'>Omnino</span> <span class='ocrx_word' id='word_1_169' title='bbox 662 1436 721 1460; x_wconf 88' lang='lat' dir='ltr'>res</span> <span class='ocrx_word' id='word_1_170' title='bbox 752 1422 868 1460; x_wconf 90' lang='lat' dir='ltr'>huius</span> <span class='ocrx_word' id='word_1_171' title='bbox 897 1422 1007 1460; x_wconf 88' lang='lat' dir='ltr'>modi</span> <span class='ocrx_word' id='word_1_172' title='bbox 1036 1422 1132 1460; x_wconf 88' lang='lat' dir='ltr'>mihi</span> <span class='ocrx_word' id='word_1_173' title='bbox 1162 1422 1316 1462; x_wconf 89' lang='lat' dir='ltr'>videtur</span> <span class='ocrx_word' id='word_1_174' title='bbox 1343 1437 1429 1462; x_wconf 88' lang='lat' dir='ltr'>esse</span> <span class='ocrx_word' id='word_1_175' title='bbox 1459 1430 1501 1461; x_wconf 91' lang='lat' dir='ltr'>ut</span> 
     </span>
    </p>

    <p class='ocr_par' dir='ltr' id='par_1_6' title="bbox 110 1486 1501 1795">
     <span class='ocr_line' id='line_1_21' title="bbox 110 1486 1501 1538; baseline 0.002 -15"><span class='ocrx_word' id='word_1_176' title='bbox 110 1502 150 1524; x_wconf 91' lang='lat'>20</span> <span class='ocrx_word' id='word_1_177' title='bbox 169 1488 251 1527; x_wconf 90' lang='lat' dir='ltr'>sine</span> <span class='ocrx_word' id='word_1_178' title='bbox 272 1488 504 1537; x_wconf 85' lang='lat' dir='ltr'>cuiusquam</span> <span class='ocrx_word' id='word_1_179' title='bbox 524 1487 647 1536; x_wconf 88' lang='lat' dir='ltr'>gratia</span> <span class='ocrx_word' id='word_1_180' title='bbox 668 1488 834 1525; x_wconf 87' lang='lat' dir='ltr'>Plancus</span> <span class='ocrx_word' id='word_1_181' title='bbox 858 1487 940 1537; x_wconf 83' lang='lat' dir='ltr'>ipse</span> <span class='ocrx_word' id='word_1_182' title='bbox 961 1500 1031 1537; x_wconf 88' lang='lat' dir='ltr'>pro</span> <span class='ocrx_word' id='word_1_183' title='bbox 1052 1486 1210 1537; x_wconf 90' lang='lat' dir='ltr'>ingenio</span> <span class='ocrx_word' id='word_1_184' title='bbox 1234 1495 1272 1526; x_wconf 90' lang='lat' dir='ltr'>et</span> <span class='ocrx_word' id='word_1_185' title='bbox 1292 1488 1501 1538; x_wconf 88' lang='lat' dir='ltr'>prudentia</span> 
     </span>
     <span class='ocr_line' id='line_1_22' title="bbox 168 1551 1498 1602; baseline -0.002 -10"><span class='ocrx_word' id='word_1_186' title='bbox 168 1567 237 1592; x_wconf 91' lang='lat' dir='ltr'>sua</span> <span class='ocrx_word' id='word_1_187' title='bbox 266 1567 357 1591; x_wconf 74' lang='lat' dir='ltr'>non·</span> <span class='ocrx_word' id='word_1_188' title='bbox 376 1552 425 1591; x_wconf 88' lang='lat' dir='ltr'>sit</span> <span class='ocrx_word' id='word_1_189' title='bbox 451 1552 701 1591; x_wconf 87' lang='lat' dir='ltr'>dubitaturus</span> <span class='ocrx_word' id='word_1_190' title='bbox 731 1551 827 1601; x_wconf 88' lang='lat' dir='ltr'>quin</span> <span class='ocrx_word' id='word_1_191' title='bbox 856 1552 1057 1590; x_wconf 85' lang='lat' dir='ltr'>decretum</span> <span class='ocrx_word' id='word_1_192' title='bbox 1087 1554 1297 1590; x_wconf 88' lang='lat' dir='ltr'>consulum</span> <span class='ocrx_word' id='word_1_193' title='bbox 1330 1565 1498 1602; x_wconf 86' lang='lat' dir='ltr'>quorum</span> 
     </span>
     <span class='ocr_line' id='line_1_23' title="bbox 167 1616 1500 1668; baseline -0.001 -12"><span class='ocrx_word' id='word_1_194' title='bbox 167 1626 205 1657; x_wconf 90' lang='lat' dir='ltr'>et</span> <span class='ocrx_word' id='word_1_195' title='bbox 239 1620 323 1668; x_wconf 89' lang='lat' dir='ltr'>lege</span> <span class='ocrx_word' id='word_1_196' title='bbox 353 1625 391 1656; x_wconf 90' lang='lat' dir='ltr'>et</span> <span class='ocrx_word' id='word_1_197' title='bbox 420 1625 578 1656; x_wconf 89' lang='lat' dir='ltr'>senatus</span> <span class='ocrx_word' id='word_1_198' title='bbox 609 1619 791 1656; x_wconf 90' lang='lat' dir='ltr'>consulto</span> <span class='ocrx_word' id='word_1_199' title='bbox 821 1616 992 1666; x_wconf 88' lang='lat' dir='ltr'>cognitio</span> <span class='ocrx_word' id='word_1_200' title='bbox 1025 1624 1064 1655; x_wconf 90' lang='lat' dir='ltr'>et</span> <span class='ocrx_word' id='word_1_201' title='bbox 1094 1616 1283 1655; x_wconf 86' lang='lat' dir='ltr'>iudicium</span> <span class='ocrx_word' id='word_1_202' title='bbox 1314 1617 1386 1655; x_wconf 87' lang='lat' dir='ltr'>fuit</span> <span class='ocrx_word' id='word_1_203' title='bbox 1410 1631 1500 1656; x_wconf 92' lang='lat' dir='ltr'>con-</span> 
     </span>
     <span class='ocr_line' id='line_1_24' title="bbox 167 1681 1500 1733; baseline 0 -12"><span class='ocrx_word' id='word_1_204' title='bbox 167 1691 303 1729; x_wconf 80' lang='lat' dir='ltr'>servet,</span> <span class='ocrx_word' id='word_1_205' title='bbox 326 1682 551 1733; x_wconf 88' lang='lat' dir='ltr'>praesertim</span> <span class='ocrx_word' id='word_1_206' title='bbox 581 1696 671 1720; x_wconf 89' lang='lat' dir='ltr'>cum</span> <span class='ocrx_word' id='word_1_207' title='bbox 700 1683 775 1720; x_wconf 85' lang='lat' dir='ltr'>hoc</span> <span class='ocrx_word' id='word_1_208' title='bbox 801 1695 942 1731; x_wconf 89' lang='lat' dir='ltr'>genere</span> <span class='ocrx_word' id='word_1_209' title='bbox 967 1681 1239 1731; x_wconf 87' lang='lat' dir='ltr'>cognitionum</span> <span class='ocrx_word' id='word_1_210' title='bbox 1265 1683 1500 1721; x_wconf 89' lang='lat' dir='ltr'>labefactato</span> 
     </span>
     <span class='ocr_line' id='line_1_25' title="bbox 166 1745 1499 1795; baseline 0 -10"><span class='ocrx_word' id='word_1_211' title='bbox 166 1756 254 1785; x_wconf 82' lang='lat' dir='ltr'>acta</span> <span class='ocrx_word' id='word_1_212' title='bbox 275 1747 452 1786; x_wconf 84' lang='lat' dir='ltr'>Caesaris</span> <span class='ocrx_word' id='word_1_213' title='bbox 477 1746 517 1784; x_wconf 90' lang='lat' dir='ltr'>in</span> <span class='ocrx_word' id='word_1_214' title='bbox 537 1746 705 1785; x_wconf 88' lang='lat' dir='ltr'>dubium</span> <span class='ocrx_word' id='word_1_215' title='bbox 726 1754 888 1784; x_wconf 72' lang='lat' dir='ltr'>ventura</span> <span class='ocrx_word' id='word_1_216' title='bbox 907 1745 1125 1793; x_wconf 78' lang='lat' dir='ltr'>videantur,</span> <span class='ocrx_word' id='word_1_217' title='bbox 1146 1759 1247 1795; x_wconf 82' lang='lat' dir='ltr'>quae</span> <span class='ocrx_word' id='word_1_218' title='bbox 1272 1759 1352 1784; x_wconf 90' lang='lat' dir='ltr'>non</span> <span class='ocrx_word' id='word_1_219' title='bbox 1377 1748 1499 1785; x_wconf 86' lang='lat' dir='ltr'>modo</span> 
     </span>
    </p>

    <p class='ocr_par' dir='ltr' id='par_1_7' title="bbox 111 1810 1561 2121">
     <span class='ocr_line' id='line_1_26' title="bbox 111 1810 1500 1861; baseline 0.001 -13"><span class='ocrx_word' id='word_1_220' title='bbox 111 1824 148 1856; x_wconf 86' lang='lat'>25</span> <span class='ocrx_word' id='word_1_221' title='bbox 167 1812 192 1850; x_wconf 91' lang='lat' dir='ltr'>ii</span> <span class='ocrx_word' id='word_1_222' title='bbox 209 1825 376 1861; x_wconf 85' lang='lat' dir='ltr'>quorum</span> <span class='ocrx_word' id='word_1_223' title='bbox 398 1811 557 1850; x_wconf 89' lang='lat' dir='ltr'>interest</span> <span class='ocrx_word' id='word_1_224' title='bbox 577 1812 646 1849; x_wconf 88' lang='lat' dir='ltr'>sed</span> <span class='ocrx_word' id='word_1_225' title='bbox 667 1811 784 1849; x_wconf 88' lang='lat' dir='ltr'>etiarn</span> <span class='ocrx_word' id='word_1_226' title='bbox 805 1810 829 1848; x_wconf 88' lang='lat' dir='ltr'>ii</span> <span class='ocrx_word' id='word_1_227' title='bbox 845 1810 913 1860; x_wconf 78' lang='lat' dir='ltr'>qui</span> <span class='ocrx_word' id='word_1_228' title='bbox 934 1810 998 1848; x_wconf 88' lang='lat' dir='ltr'>illa</span> <span class='ocrx_word' id='word_1_229' title='bbox 1017 1824 1097 1848; x_wconf 91' lang='lat' dir='ltr'>non</span> <span class='ocrx_word' id='word_1_230' title='bbox 1119 1811 1286 1860; x_wconf 89' lang='lat' dir='ltr'>probant</span> <span class='ocrx_word' id='word_1_231' title='bbox 1306 1810 1361 1849; x_wconf 91' lang='lat' dir='ltr'>oti</span> <span class='ocrx_word' id='word_1_232' title='bbox 1381 1824 1500 1850; x_wconf 83' lang='lat' dir='ltr'>causa</span> 
     </span>
     <span class='ocr_line' id='line_1_27' title="bbox 168 1875 1561 1925; baseline -0.004 -10"><span class='ocrx_word' id='word_1_233' title='bbox 168 1877 389 1915; x_wconf 86' lang='lat' dir='ltr'>confirmari</span> <span class='ocrx_word' id='word_1_234' title='bbox 410 1876 540 1915; x_wconf 85' lang='lat' dir='ltr'>velint.</span> <span class='ocrx_word' id='word_1_235' title='bbox 599 1877 721 1925; x_wconf 84' lang='lat' dir='ltr'>Quod</span> <span class='ocrx_word' id='word_1_236' title='bbox 748 1889 838 1913; x_wconf 88' lang='lat' dir='ltr'>cum</span> <span class='ocrx_word' id='word_1_237' title='bbox 867 1875 919 1913; x_wconf 88' lang='lat' dir='ltr'>ita</span> <span class='ocrx_word' id='word_1_238' title='bbox 944 1875 1004 1921; x_wconf 83' lang='lat' dir='ltr'>sit,</span> <span class='ocrx_word' id='word_1_239' title='bbox 1028 1883 1160 1914; x_wconf 90' lang='lat' dir='ltr'>tamen</span> <span class='ocrx_word' id='word_1_240' title='bbox 1187 1875 1346 1914; x_wconf 87' lang='lat' dir='ltr'>interest</span> <span class='ocrx_word' id='word_1_241' title='bbox 1369 1883 1499 1914; x_wconf 89' lang='lat' dir='ltr'>nostra</span> <span class='ocrx_word' id='word_1_242' title='bbox 1519 1883 1561 1920; x_wconf 86' lang='lat'>13</span> 
     </span>
     <span class='ocr_line' id='line_1_28' title="bbox 169 1941 1498 1990; baseline -0.001 -10"><span class='ocrx_word' id='word_1_243' title='bbox 169 1944 359 1980; x_wconf 90' lang='lat' dir='ltr'>Plancum</span> <span class='ocrx_word' id='word_1_244' title='bbox 390 1943 466 1980; x_wconf 91' lang='lat' dir='ltr'>hoc</span> <span class='ocrx_word' id='word_1_245' title='bbox 495 1941 628 1980; x_wconf 88' lang='lat' dir='ltr'>animo</span> <span class='ocrx_word' id='word_1_246' title='bbox 656 1941 792 1979; x_wconf 86' lang='lat' dir='ltr'>libenti</span> <span class='ocrx_word' id='word_1_247' title='bbox 820 1941 1049 1990; x_wconf 81' lang='lat' dir='ltr'>prolixoque</span> <span class='ocrx_word' id='word_1_248' title='bbox 1080 1942 1205 1978; x_wconf 87' lang='lat' dir='ltr'>facere</span> <span class='ocrx_word' id='word_1_249' title='bbox 1220 1955 1230 1987; x_wconf 89' lang='grc'>,·</span> <span class='ocrx_word' id='word_1_250' title='bbox 1259 1942 1368 1990; x_wconf 84' lang='lat' dir='ltr'>quod</span> <span class='ocrx_word' id='word_1_251' title='bbox 1393 1949 1498 1979; x_wconf 89' lang='lat' dir='ltr'>certe</span> 
     </span>
     <span class='ocr_line' id='line_1_29' title="bbox 168 2005 1498 2055; baseline -0.002 -10"><span class='ocrx_word' id='word_1_252' title='bbox 168 2007 294 2054; x_wconf 85' lang='lat' dir='ltr'>saciet,</span> <span class='ocrx_word' id='word_1_253' title='bbox 313 2007 343 2044; x_wconf 90' lang='lat' dir='ltr'>si</span> <span class='ocrx_word' id='word_1_254' title='bbox 364 2014 406 2045; x_wconf 90' lang='lat' dir='ltr'>tu</span> <span class='ocrx_word' id='word_1_255' title='bbox 427 2008 608 2045; x_wconf 86' lang='lat' dir='ltr'>nervulos</span> <span class='ocrx_word' id='word_1_256' title='bbox 625 2014 713 2043; x_wconf 91' lang='lat' dir='ltr'>tuos</span> <span class='ocrx_word' id='word_1_257' title='bbox 734 2005 829 2042; x_wconf 80' lang='lat' dir='ltr'>mihi</span> <span class='ocrx_word' id='word_1_258' title='bbox 851 2019 966 2055; x_wconf 87' lang='lat' dir='ltr'>saepe</span> <span class='ocrx_word' id='word_1_259' title='bbox 987 2005 1166 2055; x_wconf 88' lang='lat' dir='ltr'>cognitos</span> <span class='ocrx_word' id='word_1_260' title='bbox 1188 2005 1498 2054; x_wconf 80' lang='lat' dir='ltr'>suavitatemque</span> 
     </span>
     <span class='ocr_line' id='line_1_30' title="bbox 168 2069 1498 2121; baseline -0.002 -11"><span class='ocrx_word' id='word_1_261' title='bbox 168 2085 247 2121; x_wconf 87' lang='lat' dir='ltr'>qua</span> <span class='ocrx_word' id='word_1_262' title='bbox 273 2085 390 2110; x_wconf 87' lang='lat' dir='ltr'>nemo</span> <span class='ocrx_word' id='word_1_263' title='bbox 418 2071 488 2109; x_wconf 85' lang='lat' dir='ltr'>tibi</span> <span class='ocrx_word' id='word_1_264' title='bbox 509 2084 577 2121; x_wconf 88' lang='lat' dir='ltr'>par</span> <span class='ocrx_word' id='word_1_265' title='bbox 601 2078 660 2108; x_wconf 86' lang='lat' dir='ltr'>est</span> <span class='ocrx_word' id='word_1_266' title='bbox 685 2069 921 2108; x_wconf 84' lang='lat' dir='ltr'>adhibueris.</span> <span class='ocrx_word' id='word_1_267' title='bbox 983 2071 1104 2118; x_wconf 84' lang='lat' dir='ltr'>Quod</span> <span class='ocrx_word' id='word_1_268' title='bbox 1126 2078 1167 2108; x_wconf 89' lang='lat' dir='ltr'>ut</span> <span class='ocrx_word' id='word_1_269' title='bbox 1189 2069 1306 2108; x_wconf 87' lang='lat' dir='ltr'>facias</span> <span class='ocrx_word' id='word_1_270' title='bbox 1328 2076 1365 2109; x_wconf 88' lang='lat' dir='ltr'>te</span> <span class='ocrx_word' id='word_1_271' title='bbox 1385 2071 1498 2108; x_wconf 90' lang='lat' dir='ltr'>vehe-</span> 
     </span>
    </p>

    <p class='ocr_par' dir='ltr' id='par_1_8' title="bbox 108 2144 444 2185">
     <span class='ocr_line' id='line_1_31' title="bbox 108 2144 444 2185; baseline 0.009 -14"><span class='ocrx_word' id='word_1_272' title='bbox 108 2150 151 2180; x_wconf 86' lang='lat'>30</span> <span class='ocrx_word' id='word_1_273' title='bbox 169 2144 320 2175; x_wconf 88' lang='lat' dir='ltr'>menter</span> <span class='ocrx_word' id='word_1_274' title='bbox 340 2149 444 2185; x_wconf 87' lang='lat' dir='ltr'>rogO.</span> 
     </span>
    </p>
   </div>
   <div class='ocr_carea' id='block_1_3' title="bbox 168 2236 1499 2367">
    <p class='ocr_par' dir='ltr' id='par_1_9' title="bbox 168 2236 1499 2367">
     <span class='ocr_line' id='line_1_32' title="bbox 212 2236 1496 2278; baseline 0.002 -10"><span class='ocrx_word' id='word_1_275' title='bbox 212 2249 233 2277; x_wconf 90' lang='lat'>9</span> <span class='ocrx_word' id='word_1_276' title='bbox 259 2239 332 2270; x_wconf 87' lang='lat' dir='ltr'>Iun.</span> <span class='ocrx_word' id='word_1_277' title='bbox 349 2239 408 2269; x_wconf 79' lang='lat' dir='ltr'><em>del.</em></span> <span class='ocrx_word' id='word_1_278' title='bbox 433 2238 619 2278; x_wconf 76' lang='lat' dir='ltr'>lVesenberg</span> <span class='ocrx_word' id='word_1_279' title='bbox 742 2248 779 2276; x_wconf 83' lang='lat'>14</span> <span class='ocrx_word' id='word_1_280' title='bbox 804 2238 933 2268; x_wconf 84' lang='lat' dir='ltr'>litteras</span> <span class='ocrx_word' id='word_1_281' title='bbox 958 2238 1000 2268; x_wconf 87' lang='lat' dir='ltr'>ad</span> <span class='ocrx_word' id='word_1_282' title='bbox 1024 2241 1098 2268; x_wconf 77' lang='lat' dir='ltr'>ante</span> <span class='ocrx_word' id='word_1_283' title='bbox 1122 2238 1283 2268; x_wconf 82' lang='lat' dir='ltr'>Plancum</span> <span class='ocrx_word' id='word_1_284' title='bbox 1308 2237 1384 2269; x_wconf 82' lang='lat' dir='ltr'>add.</span> <span class='ocrx_word' id='word_1_285' title='bbox 1402 2236 1496 2270; x_wconf 83' lang='lat' dir='ltr'>Man.</span> 
     </span>
     <span class='ocr_line' id='line_1_33' title="bbox 168 2280 1499 2322; baseline -0.001 -9"><span class='ocrx_word' id='word_1_286' title='bbox 168 2283 235 2313; x_wconf 88' lang='lat' dir='ltr'>coll.</span> <span class='ocrx_word' id='word_1_287' title='bbox 258 2283 327 2319; x_wconf 76' lang='lat'>§61</span> <span class='ocrx_word' id='word_1_288' title='bbox 353 2282 560 2321; x_wconf 85' lang='lat' dir='ltr'>cognitorem</span> <span class='ocrx_word' id='word_1_289' title='bbox 583 2281 656 2312; x_wconf 79' lang='lat' dir='ltr'>add.</span> <span class='ocrx_word' id='word_1_290' title='bbox 680 2281 796 2311; x_wconf 75' lang='lat' dir='ltr'>Orelli:</span> <span class='ocrx_word' id='word_1_291' title='bbox 831 2282 993 2312; x_wconf 85' lang='lat' dir='ltr'>arbitrum</span> <span class='ocrx_word' id='word_1_292' title='bbox 1010 2284 1087 2322; x_wconf 82' lang='lat' dir='ltr'>post</span> <span class='ocrx_word' id='word_1_293' title='bbox 1106 2281 1263 2313; x_wconf 86' lang='lat' dir='ltr'>Plancum</span> <span class='ocrx_word' id='word_1_294' title='bbox 1282 2281 1358 2313; x_wconf 81' lang='lat' dir='ltr'>add.</span> <span class='ocrx_word' id='word_1_295' title='bbox 1377 2280 1499 2313; x_wconf 73' lang='lat' dir='ltr'>Maller</span> 
     </span>
     <span class='ocr_line' id='line_1_34' title="bbox 172 2325 818 2367; baseline -0.002 -11"><span class='ocrx_word' id='word_1_296' title='bbox 172 2336 211 2367; x_wconf 90' lang='lat'>19</span> <span class='ocrx_word' id='word_1_297' title='bbox 235 2326 313 2356; x_wconf 85' lang='lat' dir='ltr'>mihi</span> <span class='ocrx_word' id='word_1_298' title='bbox 331 2325 430 2357; x_wconf 83' lang='lat' dir='ltr'>Rom.</span> <span class='ocrx_word' id='word_1_299' title='bbox 450 2337 457 2356; x_wconf 90' lang='lat'><strong>:</strong></span> <span class='ocrx_word' id='word_1_300' title='bbox 481 2336 555 2356; x_wconf 86' lang='lat' dir='ltr'>mea</span> <span class='ocrx_word' id='word_1_301' title='bbox 571 2325 611 2356; x_wconf 88' lang='lat' dir='ltr'>I:</span> <span class='ocrx_word' id='word_1_302' title='bbox 633 2336 699 2357; x_wconf 87' lang='lat' dir='ltr'>om.</span> <span class='ocrx_word' id='word_1_303' title='bbox 719 2325 818 2355; x_wconf 62' lang='lat' dir='ltr'>Klotz</span> 
     </span>
    </p>
   </div>
  </div>
 </body>
</html>
