1827 2798
188 101 274 139 XV.
298 102 411 141 xvia
684 102 740 138 M.
772 100 939 136 TVLLI
975 100 1282 138 CICERONIS

320 214 439 252 modo
471 213 568 253 οἶκος
602 214 726 261 φίλος.
801 212 941 260 Itaque
975 224 1039 248 me
1072 212 1242 249 referunt
1276 213 1398 262 pedes
1431 211 1472 250 in
1503 214 1650 251 Tuscu-

318 280 462 316 lanum.
524 279 574 315 Et
595 285 727 315 tamen
747 277 845 314 haec
865 277 1111 327 ῥωπογραφία
1131 275 1278 325 ripulae
1299 276 1452 315 videtur
1471 277 1651 320 habitura

318 344 483 380 celerem
524 341 753 379 satietatem.
832 340 1031 390 Equidem
1079 340 1196 378 etiam
1245 341 1395 391 pluvias
1434 350 1579 389 metuo,
1621 342 1650 379 si

319 406 619 456 ‘Prognostica'
649 414 781 444 nostra
813 419 902 444 vera
931 414 1049 453 sunt3
1097 419 1213 444 ranae
1243 405 1349 443 enim
1378 408 1649 457 ῥητορεύουσιν.

317 473 391 518 Tu,
426 485 584 521 quaeso,
621 472 680 510 fac
713 470 833 509 sciam
873 470 939 509 ubi
980 473 1146 509 Brutum
1181 478 1358 509 nostrum
1398 479 1435 510 et
1470 485 1549 522 quo
1588 472 1652 511 die

317 536 449 575 videre
478 536 637 587 possim.

359 643 495 681 XVII
595 647 664 679 Ser.
683 648 717 678 in
734 647 868 678 Antiati
876 651 978 688 poslr.
997 647 1048 679 Id.
1067 647 1142 678 Iun.
1162 657 1191 678 a.
1216 657 1273 686 710
1292 646 1379 689 (44).

724 724 896 755 CICERO
926 723 1108 755 ATTICO
1138 722 1243 754 SAL.

372 798 480 835 Duas
501 796 637 847 accepi
657 796 845 847 postridie
867 797 974 843 Idus,
993 797 1154 834 alteram
1175 809 1223 834 eo
1244 795 1308 834 die
1329 797 1473 844 datam,
1489 798 1649 835 alteram

316 862 466 901 Idibus.
527 862 636 900 Prius
668 861 782 912 igitur
810 861 1007 911 superiori.
1070 863 1131 899 De
1163 863 1216 898 D.
1252 863 1383 909 Bruto,
1416 876 1506 900 cum
1537 862 1647 901 scies.

316 930 377 966 De
407 929 615 966 consulum
647 929 739 966 ficto
769 926 907 964 timore
936 939 1208 976 cognoveram.
1269 926 1380 965 Sicca
1410 927 1514 965 enim
1545 931 1651 976 φιλο-

315 995 480 1046 στόργως
513 993 577 1031 ille
610 992 770 1042 quidem
803 993 872 1030 sed
903 991 1181 1029 tumultuosius
1215 993 1265 1030 ad
1301 1006 1363 1030 me
1395 992 1513 1030 etiam
1543 992 1648 1031 illam

314 1059 580 1109 suspicionem
602 1058 769 1108 pertulit.
813 1057 921 1106 Quid
943 1065 984 1094 tu
1004 1059 1168 1095 autem?
1200 1059 1266 1096 ‘Ta
1286 1061 1354 1108 μὲν
1370 1059 1539 1109 διδόμενα
1552 1060 1651 1098 —'?

315 1126 477 1163 Nullum
507 1125 612 1163 enim
635 1125 796 1162 verbum
819 1137 841 1161 a
865 1123 1072 1173 †Siregio†.
1133 1125 1227 1161 Non
1252 1125 1391 1174 placet.
1453 1126 1514 1163 De
1542 1127 1649 1163 Plae-

314 1190 414 1229 torio
448 1190 577 1228 vicino
608 1198 676 1227 tuo
711 1190 945 1238 permoleste
976 1187 1046 1226 tuli
1079 1202 1320 1239 quemquam
1351 1189 1458 1240 prius
1492 1190 1648 1228 audisse

314 1269 433 1304 quam
457 1269 528 1293 me.
593 1256 652 1292 De
675 1256 770 1303 Syro
791 1254 1012 1303 prudenter.
1073 1255 1116 1290 L.
1136 1254 1356 1292 Antonium
1377 1268 1446 1304 per
1468 1257 1648 1293 Marcum

314 1322 481 1367 fratrem,
518 1327 559 1357 ut
598 1318 772 1365 arbitror,
810 1318 992 1356 facillime
1027 1319 1252 1357 deterrebis.
1312 1320 1482 1358 Autroni
1519 1320 1650 1367 vetui3

314 1386 383 1423 sed
413 1386 591 1423 nondum
624 1396 830 1432 acceperas
861 1382 1016 1429 litteras,
1050 1397 1099 1421 ne
1129 1383 1313 1434 cuiquam
1344 1384 1418 1422 nisi
1448 1387 1491 1423 L.
1525 1385 1650 1424 Fadio

312 1450 440 1489 aedili.
501 1449 624 1487 Aliter
652 1448 756 1487 enim
788 1462 860 1486 nec
888 1455 1001 1486 caute
1028 1462 1102 1486 nec
1123 1448 1205 1487 iure
1226 1449 1308 1487 fieri
1327 1457 1467 1500 potest.
1527 1451 1649 1499 Quod

313 1515 449 1554 scribis
471 1515 540 1553 tibi
562 1516 699 1553 deesse
722 1515 792 1551 HS
814 1515 837 1551 ὃ
858 1526 959 1562 quae
981 1512 1164 1552 Ciceroni
1192 1521 1325 1551 curata
1352 1514 1439 1561 sint,
1461 1514 1578 1552 velim
1598 1515 1649 1553 ab
1671 1533 1684 1553 2

315 1583 433 1619 Erote
455 1593 617 1630 quaeras
639 1578 706 1616 ubi
728 1578 776 1616 sit
797 1591 944 1616 merces
966 1577 1192 1616 insularum.
1252 1578 1443 1617 Arabioni
1464 1580 1514 1617 de
1536 1579 1649 1618 Sittio

312 1646 409 1683 nihil
430 1645 583 1683 irascor.
646 1645 730 1693 Ego
746 1644 796 1681 de
812 1642 948 1681 itinere
969 1642 1043 1680 nisi
1065 1643 1259 1694 explicato
1279 1647 1362 1684 †A†
1378 1644 1475 1682 nihil
1495 1644 1625 1694 cogito
1640 1659 1650 1692 3

270 1723 295 1751 2
313 1713 421 1761 quod
442 1710 546 1748 idem
569 1708 639 1747 tibi
661 1707 782 1746 videri
803 1715 910 1758 puto.
974 1709 1112 1747 Habes
1133 1710 1184 1747 ad
1205 1709 1456 1759 superiorem.

367 1777 485 1813 Nunc
519 1773 611 1812 audi
640 1774 691 1811 ad
725 1774 897 1811 alteram.
959 1775 1022 1811 Tu
1053 1787 1145 1812 vero
1179 1774 1274 1812 facis
1305 1782 1348 1812 ut
1377 1774 1511 1812 omnia
1540 1776 1648 1824 quod

311 1840 494 1879 Serviliae
515 1853 595 1877 non
617 1840 721 1885 dees,
745 1838 784 1877 id
811 1847 868 1877 est
891 1841 1024 1877 Bruto.
1086 1842 1148 1878 De
1176 1839 1308 1890 regina
1334 1840 1489 1889 gaudeo
1509 1846 1547 1877 te
1568 1853 1648 1878 non
1671 1858 1685 1878 2

310 1907 500 1954 laborare,
527 1913 667 1944 testem
699 1905 816 1943 etiam
848 1905 918 1943 tibi
949 1905 1115 1956 probari.
1177 1905 1306 1943 Erotis
1336 1905 1505 1943 rationes
1536 1912 1574 1943 et
1603 1919 1648 1943 ex

309 1972 456 2010 Tirone
484 1971 651 2021 cognovi
683 1980 720 2009 et
741 1971 877 2010 vocavi
906 1971 1045 2021 ipsum.
1108 1970 1383 2009 Gratissimum
1405 1971 1514 2020 quod
1540 1970 1650 2020 polli-

309 2037 406 2076 ceris
428 2036 610 2076 Ciceroni
639 2036 735 2074 nihil
765 2038 990 2075 defuturum
1007 2050 1016 2083 3
1056 2036 1105 2074 de
1130 2049 1210 2085 quo
1240 2035 1432 2073 mirabilia
1464 2036 1650 2073 Messalla

308 2102 376 2153 qui
409 2102 588 2141 Lanuvio
622 2101 777 2141 rediens
811 2101 862 2139 ab
892 2099 965 2138 illis
999 2099 1105 2138 venit
1135 2101 1185 2138 ad
1220 2113 1297 2147 me,
1326 2107 1365 2138 et
1399 2113 1462 2138 me
1491 2100 1649 2138 hercule

357 2216 395 2236 10
420 2207 459 2236 D.
476 2206 551 2237 add.
572 2206 726 2238 Schmidt
841 2215 877 2243 14
903 2214 921 2234 a
940 2203 1024 2234 Sara
1043 2203 1137 2242 regio
1158 2203 1362 2234 Gronovfus:
1387 2202 1442 2233 An
1460 2203 1555 2241 regio
1572 2214 1648 2232 cnm

309 2251 515 2288 sequentibus
543 2250 664 2280 Gurlitt
685 2249 752 2280 coll.
778 2248 873 2279 Fam.
896 2248 913 2278 i.
938 2258 965 2285 7.
987 2249 1032 2278 6:
1056 2257 1075 2277 a
1100 2247 1232 2277 Circeio
1256 2245 1419 2284 Schmidt,
1438 2247 1474 2285 qf.
1493 2246 1585 2276 Serv.
1605 2246 1651 2275 ad

309 2293 393 2325 Aen.
411 2294 465 2324 vii.
490 2304 527 2323 10
671 2304 714 2323 20
738 2293 858 2323 deesse
876 2291 964 2331 vulg.
982 2302 988 2323 :
1016 2291 1137 2331 desere
1154 2290 1241 2322 codd.
1260 2302 1267 2321 ε
1292 2291 1334 2321 de
1361 2290 1506 2320 residuis
1529 2289 1647 2319 Turne-

308 2336 369 2366 bus
502 2348 542 2367 22
568 2340 592 2366 Λ
606 2337 652 2375 M⁷
673 2335 764 2375 quod
778 2335 935 2375 explicant
951 2335 1050 2373 λοιπῷ
1068 2345 1075 2364 :
1099 2333 1130 2365 A
1149 2336 1202 2375 (se.
1223 2333 1352 2377 annuo)
1369 2332 1471 2365 Rom.
1606 2342 1649 2373 25

309 2380 399 2416 dees=
421 2380 451 2410 id
472 2385 524 2411 est
547 2379 621 2410 Vict.
642 2391 648 2409 :
673 2380 760 2410 desit
778 2384 829 2409 est
845 2378 901 2409 M:
928 2378 960 2408 id
978 2382 1028 2408 est
1048 2376 1077 2409 C

1673 879 1710 901 10
