1827 2798
171 111 256 148 XV.
273 110 321 147 iv
680 110 737 147 M.
767 107 938 146 TVLLI
968 105 1274 145 CICERONIS

305 223 432 268 crede,
473 219 698 270 puerilibus.
770 217 911 256 Excisa
954 216 1059 256 enim
1103 223 1161 255 est
1200 216 1325 263 arbor,
1367 229 1447 254 non
1491 217 1633 254 evulsa.

308 288 448 334 Itaque
479 298 598 333 quam
627 283 830 320 fruticetur
858 283 978 321 vides.
1039 283 1266 321 Redeamus
1296 280 1421 331 igitur,
1448 281 1635 331 quoniam

306 363 424 399 saepe
453 362 628 398 usurpaS‚
651 349 703 386 ad
723 349 970 386 Tusculanas
1000 347 1299 397 disputationes.
1359 346 1558 385 Saufeium
1586 347 1636 384 de

306 421 345 452 te
376 415 573 460 celemus3
612 426 685 462 ego
717 426 936 462 numquam
970 412 1169 450 indicabo.
1228 412 1349 460 Quod
1381 418 1419 449 te
1457 424 1479 448 a
1515 412 1636 448 Bruto

306 478 453 525 scribis,
477 485 520 515 ut
548 477 688 515 certior
716 478 824 515 fieret
845 491 924 526 quo
951 476 1015 515 die
1042 476 1082 514 in
1102 477 1374 514 Tusculanum
1401 488 1527 513 esseni
1548 488 1637 512 ven·
1658 488 1674 518 5

307 551 430 590 turus,
449 550 492 580 ut
517 543 568 580 ad
596 550 633 580 te
660 551 751 579 ante
778 541 928 591 scripsi,
943 554 982 579 V1
1012 543 1114 589 Kal„
1138 549 1176 579 et
1197 540 1358 590 quidem
1386 539 1439 577 ibi
1460 547 1498 577 te
1519 553 1637 588 quarn

308 608 477 659 primum
498 621 567 657 per
583 607 715 645 videre
736 606 865 645 velim.
925 608 1026 644 Puto
1047 606 1152 644 enim
1173 605 1288 643 nobis
1306 604 1526 642 Lanuvium
1548 617 1639 642 eun-

308 674 405 712 dum
426 680 464 710 et
484 672 645 722 quidem
667 686 747 709 non
769 672 852 710 sine
874 672 998 709 multo
1019 684 1211 709 sermone.
1270 671 1347 708 Sed
1368 670 1536 719 μελήσει.

265 746 289 783 3
364 739 504 776 Redeo
529 738 581 775 ad
611 736 862 786 superiorem.
923 738 981 773 Ex
1011 749 1088 785 qua
1117 742 1317 785 praetereo
1347 733 1412 771 illa
1439 733 1562 784 prima
1589 733 1639 770 de

310 802 550 849 Buthrotii53
580 815 681 852 quae
701 804 711 821 ‘
730 801 826 839 mihi
853 808 943 839 sunt
968 800 1118 838 inclusa
1145 798 1351 845 medullis,'
1373 798 1421 836 sit
1443 799 1574 845 modo,
1597 805 1638 835 ut
1663 811 1700 832 10

308 868 455 915 scribis,
478 870 588 905 locus
615 867 769 917 agendi.
830 868 891 904 De
915 865 1092 904 oratione
1114 865 1223 903 Bruti
1248 878 1403 915 prorsus
1432 863 1639 902 contendis

309 948 431 984 quom
452 933 591 972 iterum
611 940 691 970 tam
713 932 845 970 multis
866 931 993 970 verbis
1013 931 1107 981 agis.
1158 932 1294 980 Egone
1316 938 1357 967 ut
1374 943 1460 967 eam
1482 942 1639 967 causam

309 1012 428 1049 quam
456 998 486 1036 is
514 997 695 1047 scripsit?
728 1010 801 1046 ego
828 996 995 1052 scribam
1026 1009 1107 1033 non
1134 1002 1290 1045 rogatus
1321 994 1370 1032 ab
1398 995 1475 1032 eo?
1523 994 1641 1031 Nulla

309 1065 595 1117 παρεγχείρησις
642 1062 723 1100 fieri
771 1068 900 1111 potest
948 1059 1283 1098 contumeliosior.
1363 1060 1463 1096 ‘At'
1510 1058 1641 1108 inquis

313 1129 612 1179 ιἩροικλείδειον
649 1127 834 1176 aliquod.'
903 1127 995 1163 Non
1039 1139 1176 1163 recuso
1215 1125 1254 1163 id
1289 1124 1464 1174 quidem,
1496 1125 1565 1162 sed
1604 1130 1642 1161 et
1667 1136 1699 1166 ¹5

313 1194 636 1244 componendum
663 1198 936 1242 argumentum
964 1198 1022 1228 est
1046 1197 1084 1228 et
1110 1189 1306 1227 scribendi
1334 1189 1641 1239 exspectandum

314 1267 469 1308 tempus
507 1258 705 1296 maturius.
771 1255 881 1293 Licet
920 1254 1025 1292 enim
1059 1256 1109 1292 de
1149 1268 1211 1292 me
1246 1262 1287 1291 ut
1321 1253 1415 1292 libet
1447 1252 1643 1290 existimes
1819 1272 1822 1292 ι

316 1323 450 1375 (velim
477 1323 638 1372 quidem
666 1335 784 1371 quam
815 1319 991 1370 optime),
1015 1319 1045 1356 si
1071 1320 1167 1356 haec
1192 1318 1245 1356 ita
1271 1326 1432 1356 manant
1453 1325 1494 1355 ut
1514 1316 1645 1356 viden-

316 1396 378 1426 tur
410 1389 524 1439 (feres
557 1388 665 1437 quod
696 1386 854 1436 dicam),
888 1398 951 1422 me
988 1385 1083 1422 Idus
1119 1383 1285 1421 Martiae
1319 1397 1400 1421 non
1434 1384 1642 1420 delectant.

318 1455 391 1492 Ille
417 1453 523 1491 enim
555 1464 772 1501 numquam
805 1449 1034 1496 revertisset,
1057 1462 1129 1486 nos
1160 1448 1275 1486 timor
1304 1449 1535 1486 confirmare
1562 1446 1645 1485 eius
1667 1462 1706 1483 20

317 1526 404 1556 acta
441 1531 522 1555 non
560 1516 762 1566 coegisset,
793 1522 876 1562 aut,
901 1522 944 1552 ut
978 1514 1017 1551 in
1057 1513 1187 1552 Saufei
1226 1527 1312 1551 eam
1348 1512 1646 1562 relinquamque

318 1585 562 1621 Tusculanas
589 1581 875 1632 disputationes
902 1581 952 1618 ad
980 1593 1076 1629 quas
1103 1587 1145 1617 tu
1170 1579 1287 1617 etiam
1308 1577 1534 1616 Vestorium
1562 1578 1647 1614 hor-

317 1649 418 1695 tatis,
445 1648 498 1686 ita
517 1646 674 1698 gratiosi
695 1659 848 1684 eramus
870 1646 976 1696 apud
997 1644 1107 1682 illum
1129 1643 1264 1694 (quem
1285 1642 1325 1681 di
1346 1650 1545 1681 mortuum
1565 1655 1648 1692 per·
1823 1661 1826 1697 ἶ

318 1714 432 1752 duint
449 1713 473 1763 1)
508 1720 550 1750 ut
579 1719 734 1749 nostrae
762 1711 890 1758 aetati,
914 1710 1102 1760 quoniam
1124 1709 1329 1747 interfecto
1351 1708 1515 1746 domino
1536 1706 1647 1745 liberi
1824 1699 1826 1708 ’

320 1792 401 1816 non
422 1791 567 1823 sumus,
583 1791 664 1815 non
685 1775 798 1814 fuerit
814 1775 1000 1814 dominus
1021 1775 1085 1813 ille
1105 1774 1323 1824 fugiendus.
1380 1773 1536 1819 Rubeo,
1551 1771 1648 1809 mihi
1670 1786 1707 1818 25

320 1844 448 1889 crede,
471 1843 540 1880 sed
561 1841 638 1879 iarn
659 1841 911 1890 scripseram;
941 1842 1072 1878 delere
1091 1839 1211 1877 nolui.

276 1920 303 1958 4
378 1910 440 1946 De
475 1908 716 1945 Menedemo
754 1907 895 1944 vellem
928 1919 1063 1943 verum
1102 1904 1249 1951 fuisset,
1281 1905 1331 1942 de
1369 1903 1503 1953 regina
1532 1901 1647 1940 velim

361 2022 391 2050 3,
412 2022 431 2050 4
457 2012 499 2041 de
516 2015 549 2041 te
566 2011 696 2050 Popma
711 2021 717 2039 z
752 2016 830 2050 pete
848 2010 887 2040 Μ
904 2021 910 2040 :
939 2011 980 2039 de
999 2020 1035 2039 re
1053 2008 1171 2040 Lamb.
1189 2020 1195 2041 :
1222 2013 1301 2048 peto
1322 2007 1490 2039 Corradus
1506 2017 1513 2036 :
1538 2017 1599 2045 per
1616 2010 1648 2035 te

318 2055 439 2085 Rosius
585 2065 603 2092 4
628 2060 660 2084 te
686 2053 720 2093 a]
748 2055 789 2084 dc
819 2054 976 2084 Graevius
1147 2056 1224 2093 post
1252 2052 1358 2082 Bruto
1385 2050 1461 2081 add.
1496 2055 1648 2088 rogatum

323 2098 532 2138 lVesenbetg:
568 2098 679 2137 rogari
705 2098 780 2128 add.
810 2098 869 2128 alii
998 2105 1017 2136 5
1057 2097 1089 2127 in
1107 2096 1336 2126 Tusculanum
1358 2105 1468 2124 essem
1486 2098 1649 2122 venturus

319 2142 401 2172 Ant.
421 2143 454 2172 F
465 2142 642 2181 etforlasse
658 2140 697 2179 Z,
715 2142 753 2181 cf.
777 2141 846 2171 Cat.
865 2141 948 2172 Mai.
968 2144 982 2178 ξ
1004 2151 1039 2179 71
1061 2140 1119 2170 nbi
1138 2139 1202 2169 cod.
1220 2138 1317 2168 Harl.
1339 2139 1422 2167 2682
1440 2137 1497 2166 dal
1517 2136 1648 2166 futurus

314 2190 374 2226 pro
391 2186 523 2225 vulgzlo
539 2190 700 2215 venturus
716 2196 722 2215 :
747 2185 781 2215 in
799 2185 1024 2215 Tusculanum
1043 2193 1155 2214 essem
1173 2183 1304 2212 futurus
1322 2180 1378 2210 M:
1406 2181 1438 2210 in
1457 2179 1649 2210 Tusculano

321 2239 431 2258 essem
459 2229 589 2258 futurus
614 2228 730 2258 Baiter
864 2239 902 2257 10
939 2227 1037 2257 ‘mihi
1057 2251 1063 2257 .
1082 2251 1088 2258 .
1110 2251 1117 2258 .
1139 2224 1313 2256 medullis’
1336 2236 1370 2254 fx
1393 2228 1487 2264 pocla
1513 2226 1650 2262 sumpla

321 2282 385 2302 csse
406 2275 504 2310 palat
532 2271 655 2310 Tyrrell
790 2281 826 2310 15
852 2271 977 2309 aliquid
1000 2270 1193 2309 ll'esenbwg
1333 2268 1369 2298 18
1395 2271 1533 2297 manent
1561 2266 1650 2297 le.

321 2326 364 2346 20
395 2319 469 2345 ante
502 2325 684 2353 numquam
717 2314 792 2346 add.
828 2319 886 2344 aut
917 2313 1040 2344 Sclntil:
1139 2324 1175 2343 21
1205 2314 1280 2353 post
1312 2311 1425 2342 Saufei
1459 2309 1648 2340 addendum

321 2358 443 2434 ai‘pwlalZ
453 2361 551 2399 putat
566 2358 687 2389 Rosius
699 2359 748 2389 vel
761 2359 866 2388 simile
882 2357 964 2398 quid
1040 2357 1296 2396 relinquamque
1313 2356 1435 2386 Rosius
1452 2365 1460 2385 :
1484 2353 1648 2392 reliquam

320 2413 385 2442 que
