1827 2798
122 861 160 882 10

120 1321 156 1352 15

118 1645 158 1666 20

600 157 711 194 EPP.
744 157 821 193 AD
852 156 1109 194 ATTICVM
1489 156 1535 192 X.
1556 155 1600 190 xi

180 264 285 303 enim
315 273 462 304 aestate
489 279 578 305 cum
606 267 670 305 illo
700 268 947 307 Rhodiorum
975 269 1149 320 ἀφράκτῳ
1176 267 1360 318 navigans
1388 280 1506 317 quam

180 329 317 367 fuerim
352 331 564 379 sollicitus;
607 332 702 382 quid
733 334 831 371 duro
861 341 1036 383 tempore
1064 332 1157 371 anni
1186 331 1397 371 actuariola
1426 333 1506 370 fore

180 396 346 432 censes?
404 396 440 434 O
462 410 541 434 rem
564 397 739 447 undique
761 398 940 436 miseram
958 402 964 436 !

234 459 441 498 Trebatius
473 470 553 499 erat
584 476 751 509 mecum,
775 463 830 500 vir
859 465 974 513 plane
1003 471 1040 502 et
1071 463 1163 501 civis
1194 463 1332 502 bonus.
1392 463 1506 511 Quae

180 523 242 562 ille
276 534 460 572 monstra,
493 526 532 564 di
563 526 826 566 immortales!
869 527 1050 566 Etiamne
1082 528 1227 566 Balbus
1258 527 1296 564 in
1326 534 1505 565 senatum

179 588 309 627 venire
331 590 505 640 cogitet?
562 593 639 630 Sed
660 593 694 630 ei
723 592 794 642 ipsi
821 607 903 631 cras
930 594 980 631 ad
1008 601 1044 631 te
1071 592 1214 630 litteras
1241 592 1356 630 dabo.
1416 593 1506 629 Vet-
1524 598 1549 637 5

179 653 329 692 tienum
361 655 456 693 mihi
486 657 668 703 amicum,
702 666 743 695 ut
773 657 919 703 scribis,
953 658 1004 695 ita
1033 665 1128 707 puto
1158 670 1253 695 esse.
1313 657 1413 695 Cum
1445 670 1504 702 eo,

179 721 287 768 quod
311 723 503 771 ἀποτόμως
523 724 573 760 ad
599 736 662 760 me
689 722 891 772 scripserat
917 723 966 760 de
993 721 1164 759 nummis
1191 721 1384 767 curandis,
1409 722 1508 770 θυμι-

181 787 335 835 κώτερον
370 801 475 824 eram
511 787 670 825 iocatus.
743 789 790 825 Id
825 795 876 833 tu,
914 786 944 824 si
984 786 1047 825 ille
1085 786 1194 824 aliter
1231 785 1424 835 acceperit
1461 799 1507 824 ac

180 851 328 898 debuit,
352 852 484 890 lenies,
549 853 821 890 ‘MONETAU'
842 859 973 890 autem
1000 851 1199 901 adscripsi,
1229 852 1336 900 quod
1364 851 1426 889 ille
1455 852 1506 889 ad

180 929 243 954 me
270 919 372 954 ‘PRO
399 919 497 955 cos.⁷
554 919 632 956 Sed
658 917 845 967 quoniam
873 924 931 955 est
957 918 1079 955 homo
1103 924 1140 954 et
1167 929 1239 954 nos
1266 915 1399 965 diligit,
1424 915 1505 966 ipse

178 994 338 1031 quoque
357 995 380 1020 a
400 982 515 1021 nobis
536 982 726 1032 diligatur.
785 984 894 1020 Vale.

221 1138 313 1173 XII
451 1141 521 1172 Scr.
543 1142 576 1171 1'12
595 1141 748 1172 Cumano
765 1141 802 1171 iii
815 1139 900 1171 Non.
921 1140 1002 1170 Mai.
1021 1150 1051 1171 α.
1073 1149 1127 1178 70)¹
1141 1139 1225 1179 (49).

570 1228 741 1260 CICERO
771 1227 952 1258 ATTICO
983 1226 1088 1258 SAL.

233 1307 436 1356 Quidnam
467 1308 563 1346 mihi
593 1309 765 1346 futurum
795 1314 853 1345 est
879 1314 945 1344 aut
973 1305 1059 1355 quis
1090 1319 1152 1344 me
1182 1319 1262 1344 non
1293 1306 1420 1344 solum
1449 1305 1503 1344 in·
1521 1315 1538 1343 1

178 1372 326 1411 felicior
364 1375 433 1411 sed
469 1373 545 1411 iam
581 1372 697 1411 etiam
733 1371 910 1421 turpior?
967 1369 1212 1408 Nominatim
1248 1371 1298 1408 de
1333 1384 1395 1408 me
1429 1371 1503 1410 sibi

177 1436 410 1487 imperatum
432 1438 527 1476 dicit
549 1437 746 1476 Antonius
767 1449 840 1474 nec
862 1449 924 1473 me
945 1442 1077 1472 tamen
1098 1434 1181 1484 ipse
1200 1436 1331 1473 adhuc
1355 1435 1503 1474 viderat

177 1503 246 1539 sed
284 1503 359 1540 hoc
394 1502 581 1540 Trebatio
621 1500 797 1539 narravit.
858 1499 966 1548 Quid
999 1512 1111 1548 agam
1147 1512 1253 1537 nunc
1283 1499 1375 1548 quoi
1407 1500 1502 1538 nihil

179 1567 354 1615 procedit
388 1569 615 1616 caduntque
649 1580 695 1604 ea
733 1578 834 1615 quae
872 1563 1168 1614 diligentissime
1207 1572 1296 1601 sunt
1335 1565 1504 1614 cogitata

179 1631 426 1669 taeterrime?
495 1634 579 1681 Ego
611 1631 716 1669 enim
748 1629 963 1669 Curionem
993 1636 1130 1666 nactus
1160 1628 1291 1666 omnia
1323 1643 1384 1667 me
1413 1643 1504 1668 con-

177 1704 356 1734 secutum
394 1696 537 1746 putavi.
617 1698 656 1734 Is
701 1697 751 1734 de
789 1708 852 1732 me
893 1694 944 1731 ad
985 1692 1244 1731 Hortensium
1287 1693 1500 1743 scripserat.

178 1760 353 1810 Reginus
380 1769 461 1799 erat
487 1768 592 1798 totus
622 1768 763 1798 noster.
825 1758 931 1796 Huic
962 1757 1057 1794 nihil
1088 1756 1383 1807 suspicabamur
1411 1772 1502 1797 cum

177 1825 253 1863 hoc
288 1825 383 1863 mari
417 1825 549 1875 negoti
580 1827 671 1863 fore.
732 1826 825 1873 Quo
855 1837 918 1862 me
948 1836 1053 1860 nunc
1084 1824 1260 1860 vertam?
1315 1823 1502 1873 Vndique

178 1891 387 1928 custodior.
465 1892 543 1929 Sed
585 1890 676 1928 satis
720 1889 898 1927 lacrimis.
977 1889 1266 1938 Παρακλεπτέον
1309 1888 1423 1939 igitur
1464 1898 1544 1928 et2

140 1958 331 2001 :occulte
365 1956 404 1994 in
436 1956 607 2005 aliquam
639 1955 855 1993 onerariam
885 1955 1183 2004 corrependmn,
1216 1967 1295 1991 non
1325 1954 1502 1992 commit-

224 2070 237 2089 1
265 2070 338 2089 cum
359 2060 415 2089 illo
433 2059 489 2089 M:
515 2070 588 2089 cum
607 2059 670 2089 illis
687 2058 792 2088 Boot:
819 2068 893 2088 cum
912 2058 977 2087 illis
997 2058 1051 2088 illo
1071 2057 1243 2087 Lehmann
1263 2056 1499 2098 Mz‘illc1·:s07·l.

177 2103 355 2141 imbecillo,
374 2103 409 2140 cf.
426 2113 454 2133 ν.
473 2113 520 2132 12.
541 2113 567 2135 1,
590 2113 636 2140 13.
655 2113 667 2131 1
802 2103 823 2131 6
848 2101 973 2139 cogitat
993 2101 1070 2130 τουτ’.
1086 2100 1172 2129 Boot
1301 2111 1321 2138 9
1347 2111 1439 2130 eram
1461 2100 1506 2129 W

179 2145 366 2175 Corradus:
393 2150 465 2175 erat
484 2146 522 2175 AW
539 2145 624 2176 Crat.
641 2146 757 2175 Lamb.
872 2145 999 2174 iocatus
1019 2144 1133 2173 codices
1155 2143 1234 2172 Bo&
1253 2143 1340 2174 Crat.
1358 2144 1475 2175 Lantl).
1494 2155 1501 2174 ε

178 2188 306 2219 locatus
328 2187 385 2218 W:
410 2199 474 2219 om.
493 2192 546 2219 ΣΔ
635 2189 765 2227 accepit
787 2187 974 2225 Wesenbmgr
1104 2197 1142 2216 21
1171 2187 1294 2225 putavi.
1343 2187 1374 2216 Is
1391 2187 1500 2227 vulga

177 2233 314 2270 putabis
331 2231 372 2261 M
523 2242 564 2261 22
590 2231 754 2269 Reginus,
773 2231 808 2269 cf
827 2231 916 2261 Caes.
930 2230 970 2260 Β.
988 2229 1024 2260 G.
1042 2231 1084 2260 vi.
1100 2240 1112 2260 1
1130 2240 1138 2268 ς
1164 2241 1282 2260 nomen
1300 2230 1385 2260 idem
1402 2231 1503 2261 valae

177 2286 215 2305 ac
237 2276 382 2315 ‘regium
402 2273 588 2305 satellt'lcm'
607 2274 880 2312 (Kdnigskneclzt)
901 2277 930 2303 et
950 2273 1088 2303 indicare
1113 2284 1220 2303 unum
1244 2284 1258 2302 e
1276 2273 1388 2303 Balln's
1404 2278 1502 2313 putat

174 2317 326 2348 Schmidt
342 2320 369 2358 (ί
381 2319 451 2348 Der
472 2317 750 2357 Bm'eswcclzsel'p.
769 2318 841 2355 178)
860 2329 866 2346 ε
892 2317 1032 2347 Rebilus
1050 2318 1129 2347 com'.
1150 2317 1251 2346 Orelli
1361 2327 1401 2356 24
1427 2321 1502 2347 ante

176 2362 320 2392 lacrimis
337 2362 411 2392 add.
430 2363 471 2392 de
493 2361 679 2399 llf’esenlmg
776 2358 1025 2398 Παρακλεπτέον
1049 2360 1212 2398 ch'ilfflin:
1239 2363 1499 2391 HAPAOTAET—

175 2408 284 2436 TEON
302 2405 349 2444 M,
369 2406 404 2444 cs.
420 2405 595 2436 Lehmann
617 2404 721 2435 ‘Ata'
740 2414 800 2443 73:
827 2404 921 2444 πόρον
936 2403 1092 2434 κλεπτέικν
1115 2403 1235 2443 Tyrrell
