1827 2798
633 157 744 196 EPP.
778 159 855 196 AD
885 159 1146 198 ATTICVM
1485 159 1555 198 IX.
1573 159 1620 196 ix

226 280 385 317 quoque
404 266 580 306 animum
601 269 719 307 laudo
746 271 815 308 sed
841 269 1048 308 consilium
1075 272 1346 321 reprehendo,
1375 270 1553 321 dispersu

224 332 329 370 enim
359 332 513 370 illorum
541 333 644 371 actio
673 335 723 372 de
752 348 848 384 pace
875 336 1027 373 sublata
1057 344 1114 374 est
1143 349 1261 386 quam
1291 335 1451 386 quidem
1481 349 1554 386 ego

223 397 450 436 meditabar.
510 399 650 448 Itaque
687 408 824 449 postea
863 400 1038 438 Demetri
1077 400 1217 439 librum
1256 402 1306 439 de
1344 400 1556 439 concordia

222 461 291 499 tibi
312 461 442 500 remisi
463 470 501 500 et
523 461 735 502 Philotimo
755 464 861 503 dedi.
918 466 1004 503 Nec
1028 479 1119 503 vero
1146 465 1286 504 dubito
1307 465 1402 515 quin
1423 465 1555 505 exitio-

183 536 308 568 5sum
347 528 495 565 bellum
538 527 765 578 impendeat
805 529 915 568 cuius
963 529 1116 567 initium
1163 531 1328 567 ducetur
1369 544 1392 568 a
1437 531 1553 569 fame.

222 591 272 628 Et
304 604 367 630 me
405 599 537 630 tamen
575 593 693 631 doleo
731 607 811 632 non
850 593 1035 632 interesse
1069 593 1160 631 huic.
1199 594 1326 632 bello!
1385 596 1432 632 In
1471 608 1550 644 quo

219 661 328 693 tanta
365 656 421 694 vis
461 657 614 695 sceleris
652 660 780 695 futura
818 665 875 696 est
913 666 965 704 ut,
999 671 1090 696 cum
1129 657 1299 708 parentis
1333 672 1414 696 non
1447 660 1549 697 alere

218 720 408 758 nefarium
448 720 505 768 sit,
542 721 662 760 nostri
701 722 895 772 principes
933 722 1244 771 antiquissimam
1283 730 1322 760 et
1360 722 1552 761 sanctissi-

219 797 323 822 mam
362 794 575 835 parentem,
606 786 781 836 patriam,
814 789 917 825 same
955 789 1175 826 necandam
1209 795 1358 837 putent.
1418 790 1550 837 Atque

160 862 200 885 10
220 849 294 886 hoc
325 863 405 888 non
435 850 621 899 opinione
656 851 776 889 timeo
807 852 876 889 sed
906 851 1059 889 interfui
1091 851 1349 890 sermonibus.
1407 852 1549 890 Omnis

218 914 314 951 haec
353 914 485 952 classis
532 916 790 961 Alexandrea,
831 915 1002 961 Colchis,
1043 917 1158 964 Tyro,
1203 916 1361 963 Sidone,
1401 918 1549 964 Arado,

216 978 357 1028 Cypro,
391 979 634 1028 Pamphylia,
664 979 793 1028 Lycia,
828 981 985 1026 Rhodo,
1018 979 1131 1025 Chio,
1167 980 1364 1029 Byzantio,
1402 981 1544 1028 Lesbo,

213 1043 391 1092 Zmyrna,
415 1042 568 1089 Mileto,
590 1043 676 1081 Coo
705 1044 756 1080 ad
785 1042 1105 1081 intercludendos
1137 1052 1380 1082 commeatus
1412 1045 1547 1084 Italiae

214 1114 252 1145 et
275 1108 326 1145 ad
352 1108 603 1156 occupandas
630 1107 900 1145 frumentarias
930 1107 1149 1157 provincias
1178 1116 1435 1157 comparatur.
1494 1112 1546 1147 At

155 1185 192 1217 15
214 1184 332 1221 quam
353 1171 482 1210 veniet
503 1171 620 1209 iratus
638 1174 643 1209 1
674 1179 712 1210 et
738 1171 783 1209 iis
804 1171 965 1221 quidem
988 1171 1155 1210 maxime
1176 1172 1241 1221 qui
1263 1186 1353 1210 eum
1379 1173 1546 1213 maxime

212 1238 361 1274 salvum
382 1237 578 1283 volebant,
601 1236 711 1286 quasi
732 1236 887 1274 relictus
914 1237 963 1274 ab
991 1236 1036 1274 iis
1061 1249 1159 1285 quos
1180 1236 1344 1286 reliquit.
1406 1239 1545 1287 Itaque

210 1303 307 1340 mihi
335 1303 532 1342 dubitanti
563 1303 659 1353 quid
689 1315 752 1340 me
779 1303 905 1340 facere
931 1315 1000 1351 par
1026 1301 1087 1348 sit,
1107 1315 1362 1351 permagnum
1387 1304 1544 1352 pondus

208 1369 334 1406 adfert
363 1368 639 1407 benevolentia
669 1381 758 1417 erga
786 1366 925 1413 illum,
953 1380 1030 1416 qua
1059 1368 1221 1416 dempta
1250 1366 1373 1416 perire
1404 1367 1543 1406 melius

209 1440 311 1471 esset
332 1432 370 1470 in
391 1433 515 1483 patria
534 1447 652 1483 quam
673 1431 837 1483 patriam
859 1432 1052 1469 servando
1072 1439 1255 1469 evertere.
1297 1433 1357 1469 De
1378 1439 1544 1481 septem·

152 1510 191 1532 20
210 1497 335 1536 trione
355 1500 470 1548 plane
497 1498 550 1536 ita
578 1506 646 1536 est.
707 1500 847 1536 Metuo
874 1511 923 1535 ne
950 1504 1108 1534 vexetur
1138 1496 1305 1546 Epirus,-
1334 1498 1403 1534 sed
1424 1511 1542 1546 quem

209 1569 250 1599 tu
271 1563 402 1600 locum
424 1563 611 1601 Graeciae
632 1576 711 1600 non
733 1562 928 1611 direptum
950 1560 993 1598 iri
1014 1562 1156 1610 putas?
1213 1561 1416 1599 Praedicat
1436 1562 1541 1600 enim

204 1627 335 1676 palam
369 1635 407 1665 et
446 1627 634 1665 militibus
668 1627 840 1665 ostendit
875 1640 916 1664 se
947 1625 1150 1675 largitione
1184 1625 1267 1675 ipsa
1301 1626 1539 1676 superiorem

203 1704 322 1740 quam
353 1693 459 1730 hunc
488 1693 582 1730 fore.
641 1693 744 1730 Illud
776 1705 838 1730 me
867 1692 1063 1741 praeclare
1087 1691 1289 1737 admones,
1312 1704 1402 1728 cum
1430 1691 1540 1729 illum

203 1755 349 1804 videro,
383 1770 433 1794 ne
468 1756 583 1794 nimis
621 1755 869 1805 indulgenter
910 1763 948 1794 et
987 1763 1028 1792 ut
1067 1769 1157 1793 cum
1191 1755 1377 1805 gravitate
1408 1756 1538 1806 potius

146 1834 183 1866 25
204 1821 350 1870 loquar.
411 1823 532 1860 Plane
566 1821 621 1859 sic
659 1821 894 1859 faciendum.
953 1820 1163 1870 Arpinum,
1195 1834 1284 1858 cum
1324 1834 1415 1859 eum
1449 1835 1540 1859 con-

200 1898 356 1933 venero,
381 1886 522 1935 cogito,
545 1900 594 1924 ne
628 1887 726 1924 forte
754 1893 820 1923 aut
849 1884 974 1923 absim
1006 1899 1097 1923 cum
1127 1885 1257 1923 veniet
1287 1893 1354 1922 aut
1385 1899 1538 1924 cursem

199 1951 277 1989 huc
304 1950 397 1989 illuc
416 1951 478 1989 via
504 1950 722 1989 deterrima.
783 1949 983 1997 Bibulum,
1004 1957 1046 1987 ut
1073 1949 1222 1997 scribis,
1242 1949 1361 1988 audio
1385 1949 1537 1989 venisse

198 2022 237 2053 et
256 2015 402 2054 redisse
422 2015 546 2065 pridie
569 2016 675 2053 Idus.

254 2079 521 2126 Philotimum,
545 2087 587 2117 ut
606 2079 662 2117 ais
689 2079 729 2117 in
749 2078 915 2127 epistula
935 2078 1057 2125 tertia,
1080 2079 1343 2128 exspectabas
1394 2080 1447 2116 At
1467 2078 1530 2117 ille
1550 2088 1574 2126 3

139 2157 181 2188 30
202 2142 341 2181 Idibus
367 2157 390 2181 a
418 2157 481 2181 me
511 2144 707 2193 profectus
737 2150 807 2180 est.
866 2144 925 2180 Eo
955 2142 1075 2180 serius
1105 2144 1155 2180 ad
1183 2149 1290 2180 tuam
1316 2142 1420 2180 illam
1455 2143 1532 2193 epi-

199 2209 341 2245 stulam
371 2207 463 2257 quoi
499 2221 572 2256 ego
610 2207 739 2245 statim
774 2206 1045 2256 rescripseram
1080 2206 1256 2245 redditae
1295 2214 1385 2245 sunt
1420 2221 1531 2246 meae

197 2271 356 2311 litterae.
417 2274 479 2310 De
515 2271 702 2318 Domitio,
726 2278 768 2309 ut
799 2270 945 2318 scribis,
978 2270 1031 2309 ita
1061 2271 1201 2321 opinor
1232 2284 1316 2310 esse
1348 2278 1390 2309 ut
1421 2279 1458 2310 et
1492 2272 1530 2310 in

243 2387 255 2406 1
284 2377 498 2416 dispersione
527 2376 593 2407 FI:
627 2376 778 2406 discessu
806 2374 927 2406 Maru:
962 2375 1118 2414 digressu
1150 2374 1338 2414 H'escnbqu
1490 2386 1529 2416 27

196 2421 369 2452 teterrima
385 2431 414 2452 v.
431 2431 453 2452 c.
479 2418 670 2460 lVesenberg
790 2429 832 2458 29
856 2419 905 2450 ais
923 2419 956 2449 in
980 2419 1189 2460 ll'esenbcrg:
1214 2419 1287 2449 aliis
1304 2418 1381 2450 M‘:
1407 2419 1458 2450 ais
1477 2420 1531 2449 M²
