1827 2798
131 609 146 639 5

108 935 146 956 10

100 1583 139 1603 20

585 158 697 195 EPP.
730 159 806 196 AD
837 157 1096 198 ATTICVM
1414 159 1533 197 XIII.
1556 158 1649 195 xlix

216 286 365 322 XLIX
421 288 490 321 Scr.
507 289 541 320 z’n
563 289 747 322 Tusculano
764 291 830 324 circ.
848 292 908 322 xiii
922 293 963 323 K.
984 291 1068 333 Sept.
1086 303 1116 323 a.
1137 301 1196 332 709
1216 291 1297 333 (45).

578 379 748 410 CICERO
778 379 959 411 ATTICO
990 380 1096 412 SAL.

224 466 378 506 Atticae
408 466 576 518 primum
608 469 772 506 salutem
801 468 935 519 (quam
967 469 1151 518 equidem
1182 469 1259 508 ruri
1288 483 1372 508 esse
1401 468 1498 508 arbi·
1516 479 1535 508 1

169 538 271 580 tr0r3
301 534 463 570 multam
485 531 599 582 igitur
619 533 801 581 salutem)
824 542 861 571 et
884 534 1013 572 Piliae.
1066 536 1127 572 De
1148 534 1325 584 Tigellio,
1350 534 1380 572 si
1401 534 1498 584 quid

169 595 270 634 novi.
331 596 411 645 Qui
441 597 613 646 quidem,
641 605 682 634 ut
710 597 805 635 mihi
834 600 969 636 Gallus
1001 599 1144 637 Fadius
1173 599 1335 648 scripsit,
1358 601 1497 650 μέμψιν

168 662 343 711 ἀναφέρει
365 661 459 699 mihi
481 662 681 711 quandam
702 661 999 711 iniquissimam,
1024 677 1085 701 me
1108 664 1304 702 Phameae
1325 664 1496 703 defuisse

168 737 259 763 cum
293 724 375 764 eius
410 738 568 763 causam
608 725 852 775 recepissem.
913 729 1044 775 Quam
1076 727 1236 777 quidem
1272 741 1493 778 receperam

166 798 302 828 contra
317 804 459 840 pueros
476 790 662 829 Octavios
685 791 757 830 Cn.
777 791 876 829 filios
894 805 973 829 non
991 791 1181 839 libenter3
1210 794 1280 831 sed
1298 794 1494 832 Phameae

166 868 283 893 causa
316 856 507 893 volebam.
570 857 662 893 Erat
701 855 817 903 enim,
859 856 890 894 si
930 856 1152 904 meministi,
1194 857 1233 894 in
1265 860 1491 896 consulatus

166 919 354 969 petitione
374 934 443 969 per
463 928 500 958 te
521 920 617 958 mihi
638 921 834 970 pollicitus
855 921 885 959 si
907 921 1002 971 quid
1019 934 1117 971 opus
1139 929 1240 960 esset
1254 937 1264 969 ς
1294 924 1402 972 quod
1418 936 1491 972 ego

163 984 325 1034 perinde
346 986 483 1023 tuebar
509 999 554 1023 ac
581 985 612 1023 si
640 999 732 1024 usus
762 999 898 1024 essem.
960 988 999 1024 Is
1019 987 1070 1024 ad
1097 1000 1160 1024 me
1180 986 1286 1024 venit
1315 987 1491 1037 dixitque

163 1049 333 1087 iudicem
363 1062 522 1099 operam
553 1051 645 1087 dare
675 1049 749 1088 sibi
778 1050 1027 1088 constituisse
1057 1063 1104 1087 eo
1128 1049 1193 1088 die
1220 1050 1306 1100 ipso
1333 1064 1412 1100 quo
1439 1053 1490 1089 de

161 1113 288 1152 Sestio
319 1121 452 1151 nostro
486 1115 569 1162 lege
606 1113 794 1163 Pompeia
825 1113 864 1150 in
893 1113 1101 1151 consilium
1132 1113 1175 1151 iri
1205 1128 1365 1152 necesse
1395 1123 1485 1153 erat.

161 1177 244 1216 Scis
264 1177 369 1216 enim
390 1177 473 1216 dies
501 1177 654 1215 illorum
682 1177 916 1215 iudiciorum
945 1178 1194 1226 praestitutos
1224 1178 1352 1217 fuisse.
1414 1181 1486 1218 Re<

123 1260 138 1289 5
160 1242 302 1291 spondi
323 1256 403 1280 non
424 1242 600 1292 ignorare
621 1255 711 1280 eum
734 1242 829 1291 quid
850 1255 923 1291 ego
949 1242 1135 1280 deberem
1158 1242 1294 1281 Sestio.
1355 1245 1486 1292 Quem

159 1308 273 1345 vellet
293 1307 413 1344 alium
434 1307 539 1345 diem
561 1306 592 1344 si
618 1306 857 1356 sumpsisset,
882 1320 945 1344 me
965 1306 1000 1344 ei
1028 1320 1108 1345 non
1129 1308 1365 1345 defuturum.
1427 1310 1487 1346 Ita

159 1379 241 1409 tum
280 1371 344 1410 ille
382 1371 560 1410 discessit
599 1371 728 1409 iratus.
799 1373 901 1409 Puto
933 1385 996 1409 me
1035 1371 1105 1409 tibi
1137 1385 1321 1410 narrasse.
1392 1374 1485 1410 Non

158 1436 329 1475 laboravi
346 1436 493 1475 scilicet
513 1450 586 1475 nec
608 1435 778 1474 hominis
794 1435 910 1474 alieni
930 1435 1225 1474 iniustissimam
1242 1436 1484 1476 iracundiam

159 1501 254 1539 mihi
277 1503 491 1539 curandam
512 1500 654 1551 putavi.
717 1502 832 1539 Gallo
853 1509 983 1539 autem
1013 1501 1174 1548 narravi,
1197 1515 1288 1539 cum
1309 1501 1484 1551 proxime
1504 1511 1528 1538 2

162 1568 313 1604 Romae
341 1566 408 1613 fui,
429 1566 525 1616 quid
553 1566 751 1604 audissem
782 1579 910 1615 neque
941 1565 1140 1603 nominavi
1164 1566 1332 1603 Balbum
1363 1566 1485 1605 mino-

158 1645 249 1670 rem.
310 1631 463 1669 Habuit
484 1644 597 1669 suum
625 1630 827 1680 negotium
849 1632 984 1668 Gallus
1011 1638 1053 1668 ut
1080 1630 1222 1669 scribit.
1281 1631 1348 1669 Ait
1374 1631 1483 1669 illurn

155 1699 271 1735 dicere
304 1711 367 1736 me
401 1697 521 1736 animi
562 1696 803 1735 conscientia
838 1698 947 1746 quod
982 1697 1183 1734 Phamean
1218 1696 1482 1734 destituissem

155 1763 204 1800 de
223 1775 260 1800 se
279 1761 476 1812 suspicari.
523 1763 612 1810 Qua
633 1775 673 1799 re
694 1760 764 1799 tibi
786 1762 975 1799 hactenus
997 1762 1155 1807 mando,
1178 1762 1228 1799 de
1249 1760 1315 1798 illo
1335 1768 1482 1808 nostro,

154 1826 184 1864 si
206 1827 301 1877 quid
322 1827 476 1877 poteris,
492 1827 682 1877 exquiras,
698 1829 748 1867 de
764 1842 827 1866 me
848 1842 897 1866 ne
914 1828 1010 1878 quid
1036 1828 1199 1866 labores.
1244 1829 1314 1865 Est
1335 1828 1481 1865 bellum

98 1905 133 1935 25
153 1891 324 1941 aliquem
355 1892 521 1930 libenter
547 1892 678 1930 odisse
712 1900 750 1930 et
781 1906 899 1942 quem
931 1894 981 1931 ad
1012 1894 1176 1931 modum
1207 1905 1280 1929 non
1310 1893 1482 1930 omnibus

153 1958 327 2003 dormire,
350 1959 405 1994 ita
435 1970 516 1994 non
546 1957 731 1995 omnibus
761 1957 912 1995 servire.
974 1957 1058 1995 Etsi
1089 1971 1152 1995 me
1173 1958 1341 2003 hercule,
1364 1964 1406 1994 ut
1437 1965 1478 1995 tu

154 2020 356 2070 intellegis,
378 2021 498 2070 magis
521 2021 616 2058 mihi
636 2021 698 2059 isti
720 2021 903 2068 serviunt,
927 2021 958 2059 si
979 2023 1185 2060 observare
1206 2021 1346 2060 servire
1366 2029 1434 2059 est.

197 2133 215 2161 3
242 2124 354 2161 (quam
378 2146 384 2153 .
404 2147 410 2153 .
433 2147 440 2153 .
471 2123 630 2162 arbitror)
657 2124 767 2153 solum
791 2123 825 2153 in
845 2124 1033 2163 parenthesi
1060 2122 1256 2163 Wesenberg,
1275 2124 1356 2163 sort.
1382 2128 1477 2160 rech-,-

153 2171 224 2196 lum
250 2166 438 2196 addendum
464 2166 493 2196 ei
520 2170 595 2196 ante
618 2171 652 2196 et
805 2167 826 2196 8
849 2168 909 2197 sed
934 2167 1033 2197 Rom.
1054 2178 1060 2197 ε
1085 2168 1144 2197 sed
1169 2172 1202 2197 et
1226 2166 1267 2196 M
1281 2167 1478 2207 (etsorlasse

153 2214 190 2239 ul
205 2209 290 2239 docet
307 2209 429 2238 Alic'ller
442 2220 481 2239 ex
496 2210 660 2248 ephamee
677 2209 839 2249 archetypi,
860 2211 1063 2249 qnaejbrma
1083 2210 1117 2249 (l-
1138 2212 1172 2250 6)
1191 2211 1224 2240 in
1243 2210 1284 2240 M
1301 2211 1475 2249 invenilm')

152 2263 189 2282 21
216 2252 323 2293 illum]
350 2253 404 2282 ille
423 2254 476 2292 (sc.
494 2253 670 2293 Tigellius)
697 2252 848 2283 Schmidt
1021 2264 1062 2283 22
1086 2257 1161 2283 anle
1181 2264 1235 2284 me
1259 2254 1335 2285 add.
1362 2254 1476 2284 dicere

152 2295 368 2335 Lamb.,post
378 2306 430 2325 me
446 2295 633 2336 ll⁷esenl2e2g
685 2296 856 2326 Phamean
870 2296 928 2326 M:
957 2307 1021 2326 -am
1033 2296 1100 2327 edd.
1194 2307 1234 2335 23
1259 2298 1300 2327 de
1312 2307 1348 2327 se
1361 2297 1448 2337 vulg.
1468 2309 1475 2328 :

151 2340 193 2369 de
205 2338 246 2368 M
331 2348 372 2377 25
397 2339 502 2369 libere
518 2338 669 2370 Schmidt
734 2350 802 2369 non
820 2362 827 2370 .
847 2363 855 2370 .
875 2363 882 2370 .
902 2340 948 2370 ita
966 2339 1040 2371 add.
1061 2339 1180 2370 Lamb.
1194 2340 1337 2372 exFam.
1353 2341 1408 2370 vii.
1423 2351 1474 2379 24.

155 2393 166 2412 1
189 2393 195 2412 :
219 2393 282 2413 om.
302 2381 388 2413 codd.
409 2385 437 2412 et
450 2381 599 2412 Schmidt
615 2383 675 2422 qui
687 2383 833 2422 quodam
850 2383 949 2414 modo
961 2389 1024 2425 pro
1039 2384 1322 2422 quemadmodum
1338 2384 1413 2424 legit
