1827 2798
184 153 302 191 XIII.
325 152 471 191 xlviia
696 153 754 190 M.
785 152 953 190 TVLLI
985 151 1292 191 CICERONIS

332 264 490 305 Caesari
517 265 770 302 vehementer
795 270 947 313 gratum
977 277 1062 301 esse
1086 264 1290 302 facturum.
1351 265 1453 302 Puto
1476 263 1661 314 equidem

332 329 428 367 nihil
467 342 562 367 esse.
638 328 809 366 Dixisset
848 327 953 366 enim
993 327 1064 366 tibi
1102 329 1265 367 fortasse
1307 328 1455 378 aliquid
1495 328 1660 379 Oppius,

332 393 520 443 quoniam
544 394 690 432 Balbus
710 401 767 432 est
787 407 911 443 aeger.
972 395 1050 432 Sed
1071 401 1204 431 tamen
1233 394 1351 432 malui
1372 394 1504 432 venire
1524 396 1662 433 frustra

333 472 451 507 quarn
486 458 709 506 desiderari,
746 458 777 496 si
816 472 915 508 opus
954 466 1066 497 esset.
1128 460 1298 497 Moleste
1336 460 1474 497 ferrem
1513 466 1660 508 postea.

336 525 475 572 Itaque
504 523 623 561 hodie
653 523 759 569 Anti,
790 537 873 561 cras
907 532 997 562 ante
1028 523 1231 562 meridiem
1261 523 1381 562 domi.
1440 525 1503 562 Tu
1533 523 1660 570 velim,
1684 539 1700 569 5

334 587 406 625 nisi
428 595 465 626 te
485 587 736 638 impedivisffi,
757 589 863 638 apud
885 601 957 626 nos
978 602 1032 638 pr.
1059 590 1147 626 Kal.
1170 602 1260 626 curn
1284 588 1391 626 Pilia.

262 658 312 699 (3)
386 655 445 691 Te
484 666 598 703 spero
632 667 722 691 cum
759 653 928 691 Publilio
967 653 1193 692 confecisse.
1254 653 1452 704 Equidem
1494 655 1582 692 Kal.
1623 653 1663 691 in

331 719 602 755 Tusculanum
637 731 858 765 recurramg
887 731 950 756 me
979 718 1085 756 enim
1117 719 1280 756 absente
1311 718 1444 757 omnia
1474 732 1565 756 cum
1589 718 1663 757 illis

331 782 488 833 transigi
509 784 624 821 malo.
685 782 824 831 Quinti
852 782 975 820 fratris
996 783 1204 832 epistulam
1224 784 1275 821 ad
1296 791 1334 821 te
1355 783 1443 822 misi
1469 797 1551 822 non
1572 783 1662 821 satis

331 849 503 886 humane
524 847 629 885 illam
651 847 811 897 quidem
834 849 1141 897 respondentem
1166 848 1262 886 meis
1283 848 1420 886 litteris
1440 850 1510 887 sed
1531 856 1663 887 tamen
1687 863 1722 884 10

331 913 440 963 quod
461 912 531 950 tibi
553 911 644 950 satis
666 912 724 959 sit,
748 920 789 950 ut
810 912 995 962 equidem
1016 912 1207 951 existimo.
1266 914 1329 950 Tu
1350 912 1513 951 videbis.

375 1019 574 1054 XLVIII
620 1021 691 1053 Ser.
709 1023 742 1052 in
764 1021 948 1052 Tusculano
966 1022 996 1053 iv
1012 1020 1097 1053 Non.
1118 1021 1206 1053 Sext.
1227 1032 1256 1053 a.
1278 1032 1336 1062 709
1356 1022 1435 1062 (θ’).

747 1098 917 1130 CICERO
939 1097 1119 1129 ATTICO
1142 1097 1249 1130 SAL.

297 1183 314 1211 1
389 1172 487 1211 Heri
508 1171 642 1211 nescio
662 1172 755 1222 quid
779 1171 818 1209 in
840 1171 1001 1221 strepitu
1022 1171 1157 1209 videor
1177 1171 1381 1210 exaudisse
1402 1186 1492 1210 cum
1513 1171 1664 1211 diceres

333 1244 370 1276 te
401 1237 439 1275 in
469 1238 740 1275 Tusculanum
770 1244 990 1275 venturum.
1050 1237 1171 1285 Quod
1205 1236 1379 1274 utinam!
1420 1236 1560 1275 iterum
1595 1236 1665 1275 uti·
1688 1255 1723 1287 15

332 1317 423 1341 narn
442 1306 448 1341 1
479 1310 548 1341 tuo
568 1311 700 1341 tamen
721 1303 947 1340 commodo.

388 1371 514 1419 Lepta
553 1382 616 1406 me
654 1375 763 1417 rogat
802 1374 856 1413 ut,
897 1366 928 1404 si
967 1365 1063 1416 quid
1102 1365 1176 1404 sibi
1211 1380 1310 1416 opus
1345 1366 1406 1413 sit,
1440 1380 1665 1414 accurram3

336 1442 510 1474 mortuus
550 1433 655 1471 enim
691 1432 905 1471 Babullius.
979 1433 1134 1479 Caesar,
1168 1432 1319 1482 opinor,
1351 1445 1396 1469 ex
1431 1432 1556 1479 uncia,
1594 1431 1664 1470 etsi

335 1501 430 1539 nihil
451 1501 606 1547 adhuc3
635 1500 705 1537 sed
726 1500 852 1548 Lepta
881 1512 928 1536 ex
948 1497 1098 1536 triente.
1157 1500 1324 1536 Veretur
1352 1506 1484 1536 autem
1515 1511 1564 1536 ne
1584 1511 1664 1536 non

333 1566 447 1605 liceat
468 1574 600 1604 tenere
617 1564 886 1611 hereditatem,
904 1565 1049 1616 ἀλόγως
1070 1563 1245 1610 omnino,
1265 1565 1334 1602 sed
1351 1572 1503 1602 veretur
1520 1572 1662 1602 tamen.
1688 1581 1700 1602 ι

334 1633 374 1669 Is
408 1630 522 1680 igitur
553 1629 584 1667 si
615 1628 782 1675 accierit‚
811 1642 1037 1677 accurram3
1079 1628 1110 1667 si
1146 1628 1286 1675 minus,
1321 1642 1395 1666 mm
1425 1637 1517 1666 ante
1546 1642 1665 1679 quam

334 1710 495 1735 necesse
515 1695 595 1734 erit.
654 1696 717 1732 Tu
740 1694 938 1742 Pollicem,
962 1709 1053 1733 cum
1074 1694 1230 1744 poteris.

291 1773 316 1800 2
390 1761 676 1800 Laudationem
710 1760 872 1799 Porciae
909 1760 981 1798 tibi
1016 1760 1103 1797 misi
1142 1768 1368 1799 correctam.
1427 1761 1543 1799 Adeo
1581 1773 1666 1810 pro-

336 1826 464 1877 peravi
496 1834 548 1872 ut,
581 1826 611 1863 si
641 1827 739 1864 forte
768 1832 834 1863 aut
868 1825 1046 1863 Domitio
1076 1824 1156 1863 filio
1186 1833 1252 1862 aut
1283 1827 1405 1863 Bruto
1436 1825 1665 1873 mitteretur,

335 1894 433 1931 haec
459 1891 685 1930 mitteretur.
746 1892 794 1929 Id
825 1890 856 1928 si
886 1890 956 1929 tibi
986 1890 1056 1928 erit
1086 1891 1343 1928 commodum
1374 1904 1516 1940 magno
1547 1904 1665 1941 opere
1687 1907 1724 1938 25

335 1971 446 1996 cures
466 1957 581 1995 velim
604 1965 641 1995 et
662 1956 778 1994 velim
802 1958 857 1993 M.
875 1955 1059 1994 Varronis
1082 1962 1118 1994 et
1137 1955 1214 1993 Olli
1236 1955 1366 1993 mittas
1383 1955 1665 2003 laudationem,

336 2022 415 2062 Olli
436 2022 582 2072 utique.
642 2023 746 2060 Nam
768 2021 874 2059 illam
899 2020 984 2071 legi,
1009 2021 1098 2059 volo
1120 2027 1251 2058 tamen
1273 2028 1478 2070 regustare.
1539 2022 1667 2070 Quae-

335 2090 428 2128 dam
449 2088 554 2127 enim
575 2087 637 2126 vix
657 2087 753 2125 mihi
774 2088 894 2125 credo
914 2086 1053 2136 legisse
1073 2099 1147 2123 me.

380 2204 398 2232 4
423 2198 515 2224 esset
532 2198 565 2224 et
582 2193 726 2224 moleste
744 2193 832 2223 serre
855 2191 1045 2232 I'Vcsenbctg
1155 2201 1192 2229 14
1218 2191 1306 2229 curn]
1326 2191 1421 2230 quasi
1441 2190 1526 2221 Reid
1628 2192 1665 2221 18

338 2242 490 2267 mortuus
507 2243 558 2268 est
578 2237 679 2268 Orelli
788 2235 975 2275 Babullius]
996 2239 1047 2265 est
1058 2234 1224 2265 Vibullius
1240 2235 1319 2265 roni.
1337 2234 1488 2265 Scln'clze:
1516 2235 1667 2265 Puteolis

337 2282 475 2311 Cluvius
504 2282 558 2321 (ex
582 2292 635 2319 pu.
657 2281 799 2319 cluvius)
827 2279 980 2310 Sslmn'dl
1111 2288 1148 2308 21
1177 2289 1243 2308 non
1261 2283 1341 2308 ante
1365 2288 1464 2316 quam
1492 2277 1665 2309 Graevius:

338 2334 404 2354 non
423 2325 554 2354 veniam
581 2330 659 2354 ante
684 2335 784 2363 quam
817 2322 1022 2360 Wesenbmgr:
1049 2322 1243 2360 neutiquam
1267 2321 1495 2361 Stettcrenbetg
1625 2332 1665 2360 23

337 2367 434 2397 Adeo
462 2368 566 2398 Boot:
600 2378 682 2397 aveo
711 2366 760 2396 Μ’·
783 2379 788 2397 ;
827 2378 865 2397 ac
896 2377 935 2396 co
963 2364 1043 2395 list:
1068 2376 1110 2395 eo
1139 2376 1167 2395 v.
1182 2376 1204 2394 c.
1225 2363 1252 2394 L
1278 2366 1443 2406 [matg.):
1482 2364 1559 2395 ideo
1586 2364 1669 2395 Reid

340 2422 380 2450 24
408 2411 531 2442 Domiti
550 2411 679 2441 Ernesti
809 2411 850 2440 28
875 2420 927 2440 me
945 2408 1033 2440 codd.
1046 2412 1176 2449 practer
1190 2413 1218 2438 Δ
