1827 2798
198 154 247 191 X.
271 153 332 189 xii
651 153 706 189 M.
739 151 906 188 TVLLI
939 149 1247 188 CICERONIS

254 856 278 892 3

253 1311 276 1348 4

262 1706 277 1732 1

296 265 459 303 tendum
500 270 541 301 ut
580 262 697 300 etiam
737 269 947 310 compacto
985 260 1172 310 prohibiti
1209 260 1423 299 videamur.
1497 259 1625 298 Sicilia

297 330 491 378 petenda3
539 340 658 376 quam
693 325 724 363 si
756 324 899 363 erimus
938 325 1054 372 nacti,
1087 325 1235 363 maiora
1265 326 1461 375 quaedam
1493 338 1627 363 conse—

296 406 472 442 quemur.
545 391 602 429 Sit
636 391 757 428 modo
797 399 900 428 recte
939 390 979 427 in
1016 389 1243 440 Hispaniis!
1289 391 1543 440 Quamquam
1578 391 1627 427 de

296 458 381 507 ipsa
414 456 544 495 Sicilia
575 456 724 494 utinam
758 454 805 493 sit
837 457 996 493 verum!
1045 456 1123 493 Sed
1155 456 1286 493 adhuc
1319 455 1417 492 nihil
1450 455 1624 492 secundi.

297 524 523 562 Concursus
559 521 779 560 Siculorum
818 522 869 558 ad
910 522 1105 559 Catonem
1146 519 1288 558 dicitur
1326 521 1462 567 factus,
1498 533 1627 557 orasse
1649 534 1664 562 5

296 595 339 625 ut
368 587 571 634 resisteret,
603 585 736 624 omnia
766 585 986 635 pollicit053
1027 592 1273 623 commotum
1303 584 1413 622 illum
1440 584 1628 622 dilectum

298 653 441 691 habere
480 651 667 701 coepisse.
739 652 832 689 Non
872 652 1001 697 credo,
1043 658 1085 687 ut
1124 657 1182 688 est
1220 651 1443 687 luculentus
1481 657 1626 687 auctor.

298 717 477 756 Potuisse
498 724 602 755 certe
627 715 749 754 teneri
777 716 880 754 illam
907 715 1149 765 provinciam
1178 715 1270 753 scio.
1331 715 1395 753 Ab
1423 713 1628 764 Hispaniis

297 790 429 821 autem
451 782 527 819 iam
547 781 737 820 audietur.

355 847 434 885 Hic
459 860 530 885 nos
559 848 602 886 C.
628 848 860 884 Marcellum
889 847 1081 885 habemus
1109 847 1249 884 eadem
1274 859 1363 884 vere
1389 845 1627 895 cogitantem

296 920 364 951 aut
389 913 490 951 bene
515 911 791 958 simulantem3
821 925 1064 961 quamquam
1091 911 1221 961 ipsum
1249 925 1330 949 non
1357 910 1531 949 videram
1560 912 1629 948 sed

297 992 342 1016 ex
359 976 659 1015 familiarissimo
676 976 757 1014 eius
774 976 997 1014 audiebam.
1039 978 1112 1023 Tu,
1129 990 1288 1026 quaeso,
1304 975 1335 1013 si
1352 975 1448 1025 quid
1464 974 1629 1012 babebis

297 1042 412 1090 novi3
456 1056 542 1092 ego,
576 1041 607 1079 si
642 1041 738 1091 quid
773 1041 898 1079 moliti
933 1041 1090 1089 erimus,
1124 1043 1175 1079 ad
1210 1049 1248 1079 te
1282 1040 1413 1079 statim
1448 1040 1627 1078 scribam.

297 1108 491 1156 Quintum
520 1106 643 1145 filium
671 1106 840 1145 severius
867 1106 1080 1144 adhibebo.
1139 1106 1300 1143 Vtinam
1329 1106 1518 1156 proficere
1544 1119 1631 1155 pos-

296 1172 393 1210 sim!
428 1174 490 1210 Tu
519 1180 650 1210 tamen
676 1185 741 1210 eas
769 1171 954 1221 epistulas
980 1171 1124 1221 quibus
1148 1171 1322 1221 asperius
1347 1172 1397 1209 de
1422 1184 1470 1209 eo
1495 1170 1628 1220 scripsi
1672 1185 1686 1214 ,-

297 1237 511 1287 aliquando
541 1236 781 1286 concerpito,
813 1250 862 1274 ne
892 1237 1054 1286 quando
1084 1236 1180 1286 quid
1210 1243 1392 1283 emanet3
1432 1249 1506 1285 ego
1536 1235 1629 1272 item

299 1310 394 1340 tuas.
454 1301 630 1340 Servium
656 1310 840 1352 exspecto
868 1315 940 1340 nec
967 1301 1018 1339 ab
1042 1315 1090 1340 eo
1114 1301 1328 1351 quicquam
1355 1302 1464 1354 ὑγιές.
1523 1299 1630 1339 Scies

298 1366 488 1417 quicquid
509 1366 589 1405 erit.

341 1522 467 1557 XIIa
556 1524 625 1557 Scr.
646 1526 679 1556 in
699 1526 853 1557 Cumano
866 1526 952 1567 pm'd.
972 1527 1058 1557 Non.
1078 1525 1160 1558 Mai.
1178 1537 1208 1558 a.
1233 1536 1288 1566 705
1300 1526 1387 1567 (49).

708 1614 877 1646 CICERO
900 1615 1082 1646 ATTICO
1105 1614 1211 1647 SAL.

352 1692 443 1730 Sine
473 1691 596 1730 dubio
626 1705 771 1730 errasse
801 1706 873 1730 nos
904 1694 1176 1731 confitendum
1207 1700 1275 1730 est.
1338 1694 1412 1730 ‘At
1437 1692 1568 1738 semel,
1592 1699 1630 1729 at

298 1771 375 1795 una
396 1757 435 1794 in
460 1759 522 1794 re.'
582 1758 712 1795 Immo
740 1757 873 1795 onmia
901 1770 981 1807 quo
1006 1757 1230 1807 diligentius
1258 1757 1428 1807 cogitata
1454 1770 1502 1796 eo
1529 1758 1630 1794 facta

297 1830 387 1861 sunt
408 1821 706 1871 imprudentius.

415 1904 538 1942 Ἀλλὰ
566 1906 611 1942 τὰ
639 1906 706 1954 μὲν
735 1906 982 1957 προτετύχθαι
1011 1907 1171 1955 ἐάσομεν
1200 1906 1399 1957 ἀχνύμενοί
1423 1923 1503 1954 περ,

298 1986 336 2024 in
376 1986 531 2036 reliquis
567 1988 688 2025 modo
723 2002 772 2026 ne
807 2001 975 2026 ruamus.
1038 1989 1156 2026 Iubes
1196 1990 1246 2026 de
1285 1987 1528 2038 profectione
1567 2000 1629 2024 me
1653 2001 1665 2021 2

297 2051 510 2101 providere.
572 2052 680 2100 Quid
703 2052 960 2102 provideam?
1019 2054 1079 2091 Ita
1103 2061 1237 2102 patent
1259 2052 1392 2090 omnia
1413 2066 1513 2102 quae
1534 2052 1631 2090 acci-

296 2118 387 2155 dere
416 2124 580 2167 possunt
610 2125 662 2164 ut,
693 2132 738 2156 ea
769 2118 799 2155 si
828 2118 957 2164 vitem,
986 2120 1206 2156 sedendum
1239 2117 1286 2155 sit
1314 2131 1404 2155 cum
1436 2118 1630 2156 dedecore

342 2231 357 2259 7
384 2225 418 2251 ut
445 2221 503 2251 M:
539 2226 573 2251 ut
594 2226 630 2250 ut
655 2220 799 2260 Ktivscr:
837 2232 899 2252 nec
929 2220 1118 2261 Wesenbetg
1136 2220 1292 2261 ‚Maclvtg‘t
1320 2221 1403 2259 sort.
1422 2225 1455 2251 at
1591 2231 1630 2252 10

295 2275 373 2294 vere
392 2264 551 2303 Madng:
577 2276 595 2294 e
614 2275 649 2294 re
671 2264 758 2294 codd.
777 2276 781 2294 :
811 2265 853 2294 de
876 2275 912 2294 re
935 2265 1035 2295 Rom.
1053 2276 1058 2294 :
1086 2266 1155 2295 fere
1174 2264 1201 2293 L
1218 2266 1358 2305 (mmgg.)
1475 2275 1511 2303 14
1537 2265 1629 2294 cohi-

297 2308 382 2337 bebo
402 2307 557 2337 Graevms
702 2308 825 2346 possim
847 2308 1033 2339 Corradus:
1060 2319 1194 2347 possem
1212 2308 1253 2337 M
1408 2309 1445 2338 18
1468 2308 1628 2346 quicquid

303 2351 374 2381 WC
391 2351 416 2380 I.
438 2351 580 2391 (namq.)
596 2362 601 2381 ·.
627 2351 707 2389 quid
727 2355 779 2381 ΣΔ
894 2362 931 2381 21
960 2352 1035 2381 lzsnr
1052 2353 1210 2391 incipiunt
1226 2362 1349 2381 novam
1366 2351 1539 2391 epistulam
1557 2352 1624 2381 edd.

295 2398 367 2433 pos!
389 2394 597 2423 sl’t'rlandnm
724 2404 764 2432 25
791 2395 889 2424 Iubes
912 2396 953 2424 de
976 2394 1070 2425 CIV:
1103 2396 1198 2425 iubes
1221 2395 1309 2425 enim
1331 2394 1388 2424 M:
1424 2395 1518 2425 iubes
1538 2395 1627 2426 enim

299 2439 340 2468 dc
365 2432 412 2466 ΖΙ]
525 2448 577 2467 me
598 2436 802 2468 Gronovius:
839 2449 913 2469 nica
931 2439 958 2469 C
962 2433 1048 2468 WZb

1653 862 1688 882 13
