<?xml version="1.0" encoding="UTF-8"?>
<!DOCTYPE html PUBLIC "-//W3C//DTD XHTML 1.0 Transitional//EN"
    "http://www.w3.org/TR/xhtml1/DTD/xhtml1-transitional.dtd">
<html xmlns="http://www.w3.org/1999/xhtml" xml:lang="en" lang="en">
 <head>
  <title>
</title>
<meta http-equiv="Content-Type" content="text/html;charset=utf-8" />
  <meta name='ocr-system' content='tesseract 3.04.00' />
  <meta name='ocr-capabilities' content='ocr_page ocr_carea ocr_par ocr_line ocrx_word'/>
</head>
<body>
  <div class='ocr_page' id='page_1' title='image "./epistulaerecogno0202ciceuoft_0088.png"; bbox 0 0 1827 2798; ppageno 0'>
   <div class='ocr_carea' id='block_1_1' title="bbox 717 624 1254 663">
    <p class='ocr_par' dir='ltr' id='par_1_1' title="bbox 717 624 1254 663">
     <span class='ocr_line' id='line_1_1' title="bbox 717 624 1254 663; baseline 0.004 -2"><span class='ocrx_word' id='word_1_1' title='bbox 717 624 889 662; x_wconf 90' lang='lat' dir='ltr'><strong>LIBER</strong></span> <span class='ocrx_word' id='word_1_2' title='bbox 917 625 1254 663; x_wconf 86' lang='lat' dir='ltr'>VNDECIMVS</span> 
     </span>
    </p>
   </div>
   <div class='ocr_carea' id='block_1_2' title="bbox 737 750 1230 798">
    <p class='ocr_par' dir='ltr' id='par_1_2' title="bbox 737 750 1230 798">
     <span class='ocr_line' id='line_1_2' title="bbox 737 750 1230 798; baseline -0.004 0"><span class='ocrx_word' id='word_1_3' title='bbox 737 750 840 798; x_wconf 89' lang='lat' dir='ltr'>AD</span> <span class='ocrx_word' id='word_1_4' title='bbox 892 750 1230 797; x_wconf 73' lang='lat' dir='ltr'>ATTICVM</span> 
     </span>
    </p>
   </div>
   <div class='ocr_carea' id='block_1_3' title="bbox 361 891 1523 936">
    <p class='ocr_par' dir='ltr' id='par_1_3' title="bbox 361 891 1523 936">
     <span class='ocr_line' id='line_1_3' title="bbox 361 891 1523 936; baseline 0 -11"><span class='ocrx_word' id='word_1_5' title='bbox 361 891 394 925; x_wconf 91' lang='lat' dir='ltr'>I.</span> <span class='ocrx_word' id='word_1_6' title='bbox 445 893 512 926; x_wconf 72' lang='lat' dir='ltr'>Ser.</span> <span class='ocrx_word' id='word_1_7' title='bbox 534 895 567 925; x_wconf 77' lang='lat' dir='ltr'>in</span> <span class='ocrx_word' id='word_1_8' title='bbox 585 894 685 936; x_wconf 79' lang='lat' dir='ltr'>Epiro</span> <span class='ocrx_word' id='word_1_9' title='bbox 701 896 786 926; x_wconf 76' lang='lat' dir='ltr'>inter</span> <span class='ocrx_word' id='word_1_10' title='bbox 799 897 887 927; x_wconf 76' lang='lat' dir='ltr'><em>Non.</em></span> <span class='ocrx_word' id='word_1_11' title='bbox 904 899 931 925; x_wconf 84' lang='lat' dir='ltr'>et</span> <span class='ocrx_word' id='word_1_12' title='bbox 946 894 995 926; x_wconf 87' lang='lat' dir='ltr'>Id.</span> <span class='ocrx_word' id='word_1_13' title='bbox 1010 894 1095 934; x_wconf 60' lang='lat' dir='ltr'>Ian„</span> <span class='ocrx_word' id='word_1_14' title='bbox 1112 898 1148 924; x_wconf 83' lang='lat' dir='ltr'>ul</span> <span class='ocrx_word' id='word_1_15' title='bbox 1162 893 1297 933; x_wconf 73' lang='lat' dir='ltr'>videtur,</span> <span class='ocrx_word' id='word_1_16' title='bbox 1314 905 1343 924; x_wconf 87' lang='lat' dir='ltr'>a.</span> <span class='ocrx_word' id='word_1_17' title='bbox 1365 894 1424 933; x_wconf 85' lang='lat'>706</span> <span class='ocrx_word' id='word_1_18' title='bbox 1436 892 1523 934; x_wconf 82' lang='lat'><em>(48).</em></span> 
     </span>
    </p>
   </div>
   <div class='ocr_carea' id='block_1_4' title="bbox 735 988 1232 1020">
    <p class='ocr_par' dir='ltr' id='par_1_4' title="bbox 735 988 1232 1020">
     <span class='ocr_line' id='line_1_4' title="bbox 735 988 1232 1020; baseline -0.004 0"><span class='ocrx_word' id='word_1_19' title='bbox 735 989 910 1020; x_wconf 83' lang='lat' dir='ltr'><strong>CICERO</strong></span> <span class='ocrx_word' id='word_1_20' title='bbox 935 988 1107 1019; x_wconf 87' lang='lat' dir='ltr'>ATTICO</span> <span class='ocrx_word' id='word_1_21' title='bbox 1133 988 1232 1019; x_wconf 85' lang='lat' dir='ltr'>SAL.</span> 
     </span>
    </p>
   </div>
   <div class='ocr_carea' id='block_1_5' title="bbox 270 1076 1704 2298">
    <p class='ocr_par' dir='ltr' id='par_1_5' title="bbox 283 1076 1704 1579">
     <span class='ocr_line' id='line_1_5' title="bbox 283 1076 1647 1127; baseline -0.001 -12"><span class='ocrx_word' id='word_1_22' title='bbox 283 1090 300 1117; x_wconf 95' lang='lat'>1</span> <span class='ocrx_word' id='word_1_23' title='bbox 375 1078 527 1114; x_wconf 61' lang='lat' dir='ltr'>Accssm</span> <span class='ocrx_word' id='word_1_24' title='bbox 559 1091 581 1115; x_wconf 86' lang='lat' dir='ltr'>a</span> <span class='ocrx_word' id='word_1_25' title='bbox 611 1085 648 1115; x_wconf 90' lang='lat' dir='ltr'>te</span> <span class='ocrx_word' id='word_1_26' title='bbox 679 1077 873 1127; x_wconf 84' lang='lat' dir='ltr'>signatum</span> <span class='ocrx_word' id='word_1_27' title='bbox 903 1077 1078 1115; x_wconf 89' lang='lat' dir='ltr'>libellum</span> <span class='ocrx_word' id='word_1_28' title='bbox 1105 1090 1223 1126; x_wconf 84' lang='lat' dir='ltr'>quern</span> <span class='ocrx_word' id='word_1_29' title='bbox 1252 1078 1421 1114; x_wconf 79' lang='lat' dir='ltr'>Anteros</span> <span class='ocrx_word' id='word_1_30' title='bbox 1442 1076 1647 1123; x_wconf 74' lang='lat' dir='ltr'>attulerat3</span> 
     </span>
     <span class='ocr_line' id='line_1_6' title="bbox 318 1140 1646 1192; baseline 0 -14"><span class='ocrx_word' id='word_1_31' title='bbox 318 1156 363 1178; x_wconf 77' lang='lat' dir='ltr'>ex</span> <span class='ocrx_word' id='word_1_32' title='bbox 388 1155 468 1191; x_wconf 83' lang='lat' dir='ltr'>quo</span> <span class='ocrx_word' id='word_1_33' title='bbox 498 1142 593 1179; x_wconf 85' lang='lat' dir='ltr'>nihil</span> <span class='ocrx_word' id='word_1_34' title='bbox 624 1142 721 1180; x_wconf 87' lang='lat' dir='ltr'>scire</span> <span class='ocrx_word' id='word_1_35' title='bbox 750 1142 860 1192; x_wconf 92' lang='lat' dir='ltr'>potui</span> <span class='ocrx_word' id='word_1_36' title='bbox 887 1143 938 1180; x_wconf 89' lang='lat' dir='ltr'>de</span> <span class='ocrx_word' id='word_1_37' title='bbox 967 1141 1109 1180; x_wconf 88' lang='lat' dir='ltr'>nostris</span> <span class='ocrx_word' id='word_1_38' title='bbox 1138 1140 1366 1179; x_wconf 78' lang='lat' dir='ltr'>domesticis</span> <span class='ocrx_word' id='word_1_39' title='bbox 1396 1141 1521 1179; x_wconf 89' lang='lat' dir='ltr'>rebus.</span> <span class='ocrx_word' id='word_1_40' title='bbox 1584 1142 1646 1178; x_wconf 85' lang='lat' dir='ltr'>De</span> 
     </span>
     <span class='ocr_line' id='line_1_7' title="bbox 315 1205 1680 1257; baseline -0.001 -14"><span class='ocrx_word' id='word_1_41' title='bbox 315 1206 458 1255; x_wconf 83' lang='lat' dir='ltr'>quibus</span> <span class='ocrx_word' id='word_1_42' title='bbox 478 1207 728 1245; x_wconf 77' lang='lat' dir='ltr'>acerbissime</span> <span class='ocrx_word' id='word_1_43' title='bbox 749 1207 928 1245; x_wconf 85' lang='lat' dir='ltr'>adflictor</span> <span class='ocrx_word' id='word_1_44' title='bbox 948 1208 1057 1257; x_wconf 88' lang='lat' dir='ltr'>quod</span> <span class='ocrx_word' id='word_1_45' title='bbox 1078 1206 1144 1256; x_wconf 86' lang='lat' dir='ltr'>qui</span> <span class='ocrx_word' id='word_1_46' title='bbox 1166 1220 1230 1244; x_wconf 87' lang='lat' dir='ltr'>eas</span> <span class='ocrx_word' id='word_1_47' title='bbox 1254 1205 1494 1255; x_wconf 70' lang='lat' dir='ltr'>dispensavit</span> <span class='ocrx_word' id='word_1_48' title='bbox 1515 1218 1644 1255; x_wconf 86' lang='lat' dir='ltr'>neque</span> <span class='ocrx_word' id='word_1_49' title='bbox 1663 1217 1680 1249; x_wconf 89' lang='lat'>5</span> 
     </span>
     <span class='ocr_line' id='line_1_8' title="bbox 313 1270 1644 1321; baseline 0 -13"><span class='ocrx_word' id='word_1_50' title='bbox 313 1272 424 1309; x_wconf 81' lang='lat' dir='ltr'>adest</span> <span class='ocrx_word' id='word_1_51' title='bbox 457 1271 542 1310; x_wconf 86' lang='lat' dir='ltr'>istic</span> <span class='ocrx_word' id='word_1_52' title='bbox 581 1286 710 1321; x_wconf 85' lang='lat' dir='ltr'>neque</span> <span class='ocrx_word' id='word_1_53' title='bbox 749 1271 816 1310; x_wconf 90' lang='lat' dir='ltr'>ubi</span> <span class='ocrx_word' id='word_1_54' title='bbox 852 1281 1037 1309; x_wconf 87' lang='lat' dir='ltr'>terrarum</span> <span class='ocrx_word' id='word_1_55' title='bbox 1073 1271 1120 1309; x_wconf 88' lang='lat' dir='ltr'>sit</span> <span class='ocrx_word' id='word_1_56' title='bbox 1152 1270 1244 1309; x_wconf 87' lang='lat' dir='ltr'>scio.</span> <span class='ocrx_word' id='word_1_57' title='bbox 1304 1271 1477 1309; x_wconf 91' lang='lat' dir='ltr'>Omnem</span> <span class='ocrx_word' id='word_1_58' title='bbox 1511 1278 1644 1309; x_wconf 89' lang='lat' dir='ltr'>autem</span> 
     </span>
     <span class='ocr_line' id='line_1_9' title="bbox 315 1335 1645 1386; baseline 0 -13"><span class='ocrx_word' id='word_1_59' title='bbox 315 1350 423 1385; x_wconf 83' lang='lat' dir='ltr'>spem</span> <span class='ocrx_word' id='word_1_60' title='bbox 447 1337 575 1374; x_wconf 85' lang='lat' dir='ltr'>habeo</span> <span class='ocrx_word' id='word_1_61' title='bbox 596 1336 894 1374; x_wconf 76' lang='lat' dir='ltr'>existimationis</span> <span class='ocrx_word' id='word_1_62' title='bbox 915 1337 1231 1386; x_wconf 82' lang='lat' dir='ltr'>privatarumque</span> <span class='ocrx_word' id='word_1_63' title='bbox 1261 1349 1387 1373; x_wconf 83' lang='lat' dir='ltr'>rerum</span> <span class='ocrx_word' id='word_1_64' title='bbox 1409 1335 1449 1372; x_wconf 92' lang='lat' dir='ltr'>in</span> <span class='ocrx_word' id='word_1_65' title='bbox 1470 1343 1536 1373; x_wconf 89' lang='lat' dir='ltr'>tua</span> <span class='ocrx_word' id='word_1_66' title='bbox 1556 1349 1645 1385; x_wconf 82' lang='lat' dir='ltr'>erga</span> 
     </span>
     <span class='ocr_line' id='line_1_10' title="bbox 316 1399 1646 1450; baseline 0.001 -14"><span class='ocrx_word' id='word_1_67' title='bbox 316 1413 377 1437; x_wconf 89' lang='lat' dir='ltr'>me</span> <span class='ocrx_word' id='word_1_68' title='bbox 395 1400 488 1437; x_wconf 84' lang='lat' dir='ltr'>mihi</span> <span class='ocrx_word' id='word_1_69' title='bbox 506 1400 822 1450; x_wconf 48' lang='lat' dir='ltr'>1⁷)erspectissima</span> <span class='ocrx_word' id='word_1_70' title='bbox 835 1400 1121 1439; x_wconf 74' lang='lat' dir='ltr'>benevolentia.</span> <span class='ocrx_word' id='word_1_71' title='bbox 1182 1401 1313 1448; x_wconf 81' lang='lat' dir='ltr'>Quam</span> <span class='ocrx_word' id='word_1_72' title='bbox 1332 1399 1361 1436; x_wconf 90' lang='lat' dir='ltr'>si</span> <span class='ocrx_word' id='word_1_73' title='bbox 1384 1399 1443 1437; x_wconf 84' lang='lat' dir='ltr'>his</span> <span class='ocrx_word' id='word_1_74' title='bbox 1464 1400 1646 1450; x_wconf 88' lang='lat' dir='ltr'>tempori-</span> 
     </span>
     <span class='ocr_line' id='line_1_11' title="bbox 315 1464 1643 1515; baseline 0.001 -14"><span class='ocrx_word' id='word_1_75' title='bbox 315 1466 387 1502; x_wconf 84' lang='lat' dir='ltr'>bus</span> <span class='ocrx_word' id='word_1_76' title='bbox 415 1465 563 1503; x_wconf 81' lang='lat' dir='ltr'>miseris</span> <span class='ocrx_word' id='word_1_77' title='bbox 585 1473 622 1503; x_wconf 91' lang='lat' dir='ltr'>et</span> <span class='ocrx_word' id='word_1_78' title='bbox 647 1465 828 1504; x_wconf 79' lang='lat' dir='ltr'>extremis</span> <span class='ocrx_word' id='word_1_79' title='bbox 849 1465 1094 1515; x_wconf 81' lang='lat' dir='ltr'>praestiteris,</span> <span class='ocrx_word' id='word_1_80' title='bbox 1114 1466 1211 1502; x_wconf 86' lang='lat' dir='ltr'>haec</span> <span class='ocrx_word' id='word_1_81' title='bbox 1233 1464 1405 1514; x_wconf 82' lang='lat' dir='ltr'>pericula</span> <span class='ocrx_word' id='word_1_82' title='bbox 1425 1478 1526 1514; x_wconf 86' lang='lat' dir='ltr'>quae</span> <span class='ocrx_word' id='word_1_83' title='bbox 1547 1465 1643 1503; x_wconf 90' lang='lat' dir='ltr'>mihi</span> 
     </span>
     <span class='ocr_line' id='line_1_12' title="bbox 313 1529 1704 1579; baseline 0.001 -12"><span class='ocrx_word' id='word_1_84' title='bbox 313 1530 540 1568; x_wconf 85' lang='lat' dir='ltr'>communia</span> <span class='ocrx_word' id='word_1_85' title='bbox 569 1538 660 1568; x_wconf 90' lang='lat' dir='ltr'>sunt</span> <span class='ocrx_word' id='word_1_86' title='bbox 689 1544 779 1568; x_wconf 92' lang='lat' dir='ltr'>cum</span> <span class='ocrx_word' id='word_1_87' title='bbox 810 1530 948 1568; x_wconf 88' lang='lat' dir='ltr'>ceteris</span> <span class='ocrx_word' id='word_1_88' title='bbox 979 1529 1114 1568; x_wconf 88' lang='lat' dir='ltr'>fortius</span> <span class='ocrx_word' id='word_1_89' title='bbox 1144 1531 1289 1576; x_wconf 62' lang='lat' dir='ltr'>feramg</span> <span class='ocrx_word' id='word_1_90' title='bbox 1320 1529 1440 1579; x_wconf 86' lang='lat' dir='ltr'>idque</span> <span class='ocrx_word' id='word_1_91' title='bbox 1461 1538 1503 1567; x_wconf 92' lang='lat' dir='ltr'>ut</span> <span class='ocrx_word' id='word_1_92' title='bbox 1524 1529 1641 1568; x_wconf 84' lang='lat' dir='ltr'>facias</span> <span class='ocrx_word' id='word_1_93' title='bbox 1664 1545 1704 1568; x_wconf 91' lang='lat'>10</span> 
     </span>
    </p>

    <p class='ocr_par' dir='ltr' id='par_1_6' title="bbox 270 1594 1698 2298">
     <span class='ocr_line' id='line_1_13' title="bbox 270 1594 1642 1644; baseline 0 -11"><span class='ocrx_word' id='word_1_94' title='bbox 270 1603 350 1634; x_wconf 80' lang='lat' dir='ltr'>2te</span> <span class='ocrx_word' id='word_1_95' title='bbox 385 1595 560 1633; x_wconf 90' lang='lat' dir='ltr'>obtestor</span> <span class='ocrx_word' id='word_1_96' title='bbox 597 1602 716 1644; x_wconf 82' lang='lat' dir='ltr'>atque</span> <span class='ocrx_word' id='word_1_97' title='bbox 755 1595 930 1633; x_wconf 90' lang='lat' dir='ltr'>obsecro.</span> <span class='ocrx_word' id='word_1_98' title='bbox 1009 1596 1095 1644; x_wconf 84' lang='lat' dir='ltr'>Ego</span> <span class='ocrx_word' id='word_1_99' title='bbox 1133 1594 1172 1631; x_wconf 90' lang='lat' dir='ltr'>in</span> <span class='ocrx_word' id='word_1_100' title='bbox 1213 1594 1440 1644; x_wconf 85' lang='lat' dir='ltr'>cistophoro</span> <span class='ocrx_word' id='word_1_101' title='bbox 1479 1595 1518 1633; x_wconf 91' lang='lat' dir='ltr'>in</span> <span class='ocrx_word' id='word_1_102' title='bbox 1547 1595 1642 1633; x_wconf 87' lang='lat' dir='ltr'>Asia</span> 
     </span>
     <span class='ocr_line' id='line_1_14' title="bbox 313 1659 1642 1711; baseline 0.002 -14"><span class='ocrx_word' id='word_1_103' title='bbox 313 1660 441 1697; x_wconf 87' lang='lat' dir='ltr'>habeo</span> <span class='ocrx_word' id='word_1_104' title='bbox 471 1661 522 1698; x_wconf 87' lang='lat' dir='ltr'>ad</span> <span class='ocrx_word' id='word_1_105' title='bbox 554 1659 773 1698; x_wconf 84' lang='lat' dir='ltr'>sestertium</span> <span class='ocrx_word' id='word_1_106' title='bbox 805 1660 864 1698; x_wconf 92' lang='lat' dir='ltr'>bis</span> <span class='ocrx_word' id='word_1_107' title='bbox 891 1668 929 1699; x_wconf 90' lang='lat' dir='ltr'>et</span> <span class='ocrx_word' id='word_1_108' title='bbox 957 1660 1114 1699; x_wconf 86' lang='lat' dir='ltr'>viciens.</span> <span class='ocrx_word' id='word_1_109' title='bbox 1176 1661 1308 1698; x_wconf 88' lang='lat' dir='ltr'>Huius</span> <span class='ocrx_word' id='word_1_110' title='bbox 1339 1661 1529 1711; x_wconf 88' lang='lat' dir='ltr'>pecuniae</span> <span class='ocrx_word' id='word_1_111' title='bbox 1560 1675 1642 1711; x_wconf 89' lang='lat' dir='ltr'>per-</span> 
     </span>
     <span class='ocr_line' id='line_1_15' title="bbox 312 1725 1640 1777; baseline 0.003 -16"><span class='ocrx_word' id='word_1_112' title='bbox 312 1725 528 1762; x_wconf 80' lang='lat' dir='ltr'>mutatione</span> <span class='ocrx_word' id='word_1_113' title='bbox 549 1726 668 1763; x_wconf 86' lang='lat' dir='ltr'>fidem</span> <span class='ocrx_word' id='word_1_114' title='bbox 690 1733 863 1763; x_wconf 87' lang='lat' dir='ltr'>nostram</span> <span class='ocrx_word' id='word_1_115' title='bbox 884 1726 998 1765; x_wconf 88' lang='lat' dir='ltr'>facile</span> <span class='ocrx_word' id='word_1_116' title='bbox 1025 1728 1209 1775; x_wconf 76' lang='lat' dir='ltr'>tuebere3</span> <span class='ocrx_word' id='word_1_117' title='bbox 1241 1742 1359 1777; x_wconf 82' lang='lat' dir='ltr'>quam</span> <span class='ocrx_word' id='word_1_118' title='bbox 1381 1727 1541 1777; x_wconf 82' lang='lat' dir='ltr'>quidem</span> <span class='ocrx_word' id='word_1_119' title='bbox 1567 1740 1640 1776; x_wconf 86' lang='lat' dir='ltr'>ego</span> 
     </span>
     <span class='ocr_line' id='line_1_16' title="bbox 310 1789 1639 1842; baseline 0.003 -16"><span class='ocrx_word' id='word_1_120' title='bbox 310 1789 382 1827; x_wconf 89' lang='lat' dir='ltr'>nisi</span> <span class='ocrx_word' id='word_1_121' title='bbox 413 1790 635 1839; x_wconf 79' lang='lat' dir='ltr'>expeditam</span> <span class='ocrx_word' id='word_1_122' title='bbox 666 1790 885 1840; x_wconf 79' lang='lat' dir='ltr'>relinquere</span> <span class='ocrx_word' id='word_1_123' title='bbox 916 1805 978 1830; x_wconf 91' lang='lat' dir='ltr'>me</span> <span class='ocrx_word' id='word_1_124' title='bbox 1011 1800 1209 1842; x_wconf 86' lang='lat' dir='ltr'>putassem</span> <span class='ocrx_word' id='word_1_125' title='bbox 1246 1794 1410 1830; x_wconf 85' lang='lat' dir='ltr'>credens</span> <span class='ocrx_word' id='word_1_126' title='bbox 1438 1792 1475 1830; x_wconf 83' lang='lat' dir='ltr'>ei</span> <span class='ocrx_word' id='word_1_127' title='bbox 1505 1791 1568 1830; x_wconf 88' lang='lat' dir='ltr'>cui</span> <span class='ocrx_word' id='word_1_128' title='bbox 1598 1800 1639 1830; x_wconf 89' lang='lat' dir='ltr'>tu</span> 
     </span>
     <span class='ocr_line' id='line_1_17' title="bbox 309 1855 1698 1905; baseline 0.001 -13"><span class='ocrx_word' id='word_1_129' title='bbox 309 1855 383 1893; x_wconf 83' lang='lat' dir='ltr'>scis</span> <span class='ocrx_word' id='word_1_130' title='bbox 418 1855 493 1892; x_wconf 80' lang='lat' dir='ltr'>iam</span> <span class='ocrx_word' id='word_1_131' title='bbox 529 1855 680 1905; x_wconf 85' lang='lat' dir='ltr'>pridem</span> <span class='ocrx_word' id='word_1_132' title='bbox 721 1856 882 1895; x_wconf 88' lang='lat' dir='ltr'>minime</span> <span class='ocrx_word' id='word_1_133' title='bbox 918 1860 1076 1897; x_wconf 91' lang='lat' dir='ltr'>credere</span> <span class='ocrx_word' id='word_1_134' title='bbox 1116 1872 1172 1896; x_wconf 85' lang='lat' dir='ltr'>me</span> <span class='ocrx_word' id='word_1_135' title='bbox 1204 1860 1337 1903; x_wconf 73' lang='lat' dir='ltr'>debere,</span> <span class='ocrx_word' id='word_1_136' title='bbox 1373 1866 1638 1896; x_wconf 82' lang='lat' dir='ltr'>commoratus</span> <span class='ocrx_word' id='word_1_137' title='bbox 1662 1870 1698 1901; x_wconf 82' lang='lat'>15</span> 
     </span>
     <span class='ocr_line' id='line_1_18' title="bbox 308 1920 1635 1973; baseline 0.002 -16"><span class='ocrx_word' id='word_1_138' title='bbox 308 1934 433 1958; x_wconf 87' lang='lat' dir='ltr'>essem</span> <span class='ocrx_word' id='word_1_139' title='bbox 456 1920 652 1970; x_wconf 83' lang='lat' dir='ltr'>paulisper</span> <span class='ocrx_word' id='word_1_140' title='bbox 681 1935 754 1959; x_wconf 89' lang='lat' dir='ltr'>nec</span> <span class='ocrx_word' id='word_1_141' title='bbox 785 1923 1022 1962; x_wconf 85' lang='lat' dir='ltr'>domesticas</span> <span class='ocrx_word' id='word_1_142' title='bbox 1053 1937 1112 1961; x_wconf 86' lang='lat' dir='ltr'>res</span> <span class='ocrx_word' id='word_1_143' title='bbox 1142 1923 1350 1973; x_wconf 83' lang='lat' dir='ltr'>impeditas</span> <span class='ocrx_word' id='word_1_144' title='bbox 1381 1923 1635 1972; x_wconf 87' lang='lat' dir='ltr'>reliquissem.</span> 
     </span>
     <span class='ocr_line' id='line_1_19' title="bbox 308 1986 1637 2038; baseline 0.002 -15"><span class='ocrx_word' id='word_1_145' title='bbox 308 1986 373 2023; x_wconf 83' lang='lat' dir='ltr'>Ob</span> <span class='ocrx_word' id='word_1_146' title='bbox 394 1999 560 2034; x_wconf 85' lang='lat' dir='ltr'>eamque</span> <span class='ocrx_word' id='word_1_147' title='bbox 582 1999 739 2024; x_wconf 84' lang='lat' dir='ltr'>causam</span> <span class='ocrx_word' id='word_1_148' title='bbox 766 1987 886 2026; x_wconf 87' lang='lat' dir='ltr'>serius</span> <span class='ocrx_word' id='word_1_149' title='bbox 913 1990 964 2027; x_wconf 88' lang='lat' dir='ltr'>ad</span> <span class='ocrx_word' id='word_1_150' title='bbox 989 1996 1026 2027; x_wconf 88' lang='lat' dir='ltr'>te</span> <span class='ocrx_word' id='word_1_151' title='bbox 1054 1988 1182 2026; x_wconf 90' lang='lat' dir='ltr'>scribo</span> <span class='ocrx_word' id='word_1_152' title='bbox 1212 1989 1320 2038; x_wconf 85' lang='lat' dir='ltr'>quod</span> <span class='ocrx_word' id='word_1_153' title='bbox 1351 2001 1436 2026; x_wconf 91' lang='lat' dir='ltr'>sero</span> <span class='ocrx_word' id='word_1_154' title='bbox 1465 1987 1637 2026; x_wconf 80' lang='lat' dir='ltr'>intellexi</span> 
     </span>
     <span class='ocr_line' id='line_1_20' title="bbox 306 2050 1636 2102; baseline 0.003 -15"><span class='ocrx_word' id='word_1_155' title='bbox 306 2050 401 2099; x_wconf 80' lang='lat' dir='ltr'>quid</span> <span class='ocrx_word' id='word_1_156' title='bbox 440 2050 661 2089; x_wconf 86' lang='lat' dir='ltr'>timendum</span> <span class='ocrx_word' id='word_1_157' title='bbox 694 2060 805 2091; x_wconf 87' lang='lat' dir='ltr'>esset.</span> <span class='ocrx_word' id='word_1_158' title='bbox 865 2055 924 2092; x_wconf 89' lang='lat' dir='ltr'>Te</span> <span class='ocrx_word' id='word_1_159' title='bbox 957 2053 1073 2092; x_wconf 88' lang='lat' dir='ltr'>etiam</span> <span class='ocrx_word' id='word_1_160' title='bbox 1103 2061 1222 2102; x_wconf 84' lang='lat' dir='ltr'>atque</span> <span class='ocrx_word' id='word_1_161' title='bbox 1254 2053 1371 2091; x_wconf 89' lang='lat' dir='ltr'>etiam</span> <span class='ocrx_word' id='word_1_162' title='bbox 1401 2066 1470 2090; x_wconf 88' lang='lat' dir='ltr'>oro</span> <span class='ocrx_word' id='word_1_163' title='bbox 1501 2060 1544 2090; x_wconf 83' lang='lat' dir='ltr'>ut</span> <span class='ocrx_word' id='word_1_164' title='bbox 1573 2066 1636 2091; x_wconf 89' lang='lat' dir='ltr'>me</span> 
     </span>
     <span class='ocr_line' id='line_1_21' title="bbox 305 2116 1634 2168; baseline 0.002 -16"><span class='ocrx_word' id='word_1_165' title='bbox 305 2122 430 2152; x_wconf 91' lang='lat' dir='ltr'>totum</span> <span class='ocrx_word' id='word_1_166' title='bbox 464 2117 655 2154; x_wconf 87' lang='lat' dir='ltr'>tuendum</span> <span class='ocrx_word' id='word_1_167' title='bbox 689 2118 887 2168; x_wconf 80' lang='lat' dir='ltr'>suscipias,</span> <span class='ocrx_word' id='word_1_168' title='bbox 920 2126 974 2166; x_wconf 94' lang='lat' dir='ltr'>ut,</span> <span class='ocrx_word' id='word_1_169' title='bbox 1003 2118 1033 2155; x_wconf 90' lang='lat' dir='ltr'>si</span> <span class='ocrx_word' id='word_1_170' title='bbox 1068 2117 1090 2155; x_wconf 93' lang='lat' dir='ltr'>ii</span> <span class='ocrx_word' id='word_1_171' title='bbox 1125 2117 1217 2155; x_wconf 76' lang='lat' dir='ltr'>salvi</span> <span class='ocrx_word' id='word_1_172' title='bbox 1251 2125 1363 2155; x_wconf 90' lang='lat' dir='ltr'>erunt</span> <span class='ocrx_word' id='word_1_173' title='bbox 1397 2116 1634 2166; x_wconf 85' lang='lat' dir='ltr'>quibuscum</span> 
     </span>
     <span class='ocr_line' id='line_1_22' title="bbox 305 2182 1695 2233; baseline 0.003 -17"><span class='ocrx_word' id='word_1_174' title='bbox 305 2193 402 2225; x_wconf 77' lang='lat' dir='ltr'>sum,</span> <span class='ocrx_word' id='word_1_175' title='bbox 427 2194 504 2218; x_wconf 90' lang='lat' dir='ltr'>una</span> <span class='ocrx_word' id='word_1_176' title='bbox 524 2195 614 2219; x_wconf 88' lang='lat' dir='ltr'>cum</span> <span class='ocrx_word' id='word_1_177' title='bbox 636 2182 681 2220; x_wconf 90' lang='lat' dir='ltr'>iis</span> <span class='ocrx_word' id='word_1_178' title='bbox 702 2183 849 2233; x_wconf 86' lang='lat' dir='ltr'>possim</span> <span class='ocrx_word' id='word_1_179' title='bbox 880 2183 1089 2221; x_wconf 88' lang='lat' dir='ltr'>incolumis</span> <span class='ocrx_word' id='word_1_180' title='bbox 1119 2197 1203 2221; x_wconf 88' lang='lat' dir='ltr'>esse</span> <span class='ocrx_word' id='word_1_181' title='bbox 1229 2184 1475 2232; x_wconf 86' lang='lat' dir='ltr'>salutemque</span> <span class='ocrx_word' id='word_1_182' title='bbox 1504 2195 1633 2221; x_wconf 88' lang='lat' dir='ltr'>meam</span> <span class='ocrx_word' id='word_1_183' title='bbox 1655 2193 1695 2215; x_wconf 92' lang='lat'>20</span> 
     </span>
     <span class='ocr_line' id='line_1_23' title="bbox 305 2244 1109 2298; baseline 0.005 -17"><span class='ocrx_word' id='word_1_184' title='bbox 305 2244 603 2284; x_wconf 72' lang='lat' dir='ltr'>benevolentiae</span> <span class='ocrx_word' id='word_1_185' title='bbox 625 2254 714 2285; x_wconf 83' lang='lat' dir='ltr'>tuae</span> <span class='ocrx_word' id='word_1_186' title='bbox 734 2255 937 2298; x_wconf 85' lang='lat' dir='ltr'>acceptam</span> <span class='ocrx_word' id='word_1_187' title='bbox 959 2249 1109 2286; x_wconf 85' lang='lat' dir='ltr'>referre.</span> 
     </span>
    </p>
   </div>
   <div class='ocr_carea' id='block_1_6' title="bbox 301 2349 1633 2433">
    <p class='ocr_par' dir='ltr' id='par_1_7' title="bbox 301 2349 1633 2433">
     <span class='ocr_line' id='line_1_24' title="bbox 349 2349 1633 2386; baseline 0.003 -8"><span class='ocrx_word' id='word_1_188' title='bbox 349 2358 386 2386; x_wconf 89' lang='lat'>15</span> <span class='ocrx_word' id='word_1_189' title='bbox 412 2359 463 2379; x_wconf 85' lang='lat' dir='ltr'>me</span> <span class='ocrx_word' id='word_1_190' title='bbox 489 2350 613 2379; x_wconf 86' lang='lat' dir='ltr'>debere</span> <span class='ocrx_word' id='word_1_191' title='bbox 638 2349 715 2380; x_wconf 85' lang='lat' dir='ltr'>add.</span> <span class='ocrx_word' id='word_1_192' title='bbox 735 2349 933 2381; x_wconf 75' lang='lat' dir='ltr'>Lehmann:</span> <span class='ocrx_word' id='word_1_193' title='bbox 965 2360 1017 2381; x_wconf 86' lang='lat' dir='ltr'>me</span> <span class='ocrx_word' id='word_1_194' title='bbox 1042 2354 1116 2381; x_wconf 80' lang='lat' dir='ltr'>ante</span> <span class='ocrx_word' id='word_1_195' title='bbox 1145 2350 1284 2381; x_wconf 81' lang='lat' dir='ltr'>credere</span> <span class='ocrx_word' id='word_1_196' title='bbox 1309 2349 1384 2382; x_wconf 85' lang='lat' dir='ltr'>add.</span> <span class='ocrx_word' id='word_1_197' title='bbox 1405 2349 1633 2382; x_wconf 74' lang='lat' dir='ltr'>Lic&#39;nemann:</span> 
     </span>
     <span class='ocr_line' id='line_1_25' title="bbox 301 2391 840 2433; baseline 0.006 -12"><span class='ocrx_word' id='word_1_198' title='bbox 301 2391 422 2422; x_wconf 86' lang='lat' dir='ltr'>decere</span> <span class='ocrx_word' id='word_1_199' title='bbox 434 2398 495 2433; x_wconf 78' lang='lat' dir='ltr'>pro</span> <span class='ocrx_word' id='word_1_200' title='bbox 513 2394 651 2423; x_wconf 85' lang='lat' dir='ltr'>credere</span> <span class='ocrx_word' id='word_1_201' title='bbox 669 2393 739 2424; x_wconf 83' lang='lat' dir='ltr'>vult</span> <span class='ocrx_word' id='word_1_202' title='bbox 754 2392 840 2424; x_wconf 75' lang='lat' dir='ltr'>Reid</span> 
     </span>
    </p>
   </div>
  </div>
 </body>
</html>
