1827 2798
543 149 655 202 ΕῬΡ.
688 164 766 201 AD
795 162 1055 201 ATTICVM
1106 171 1109 173 ·
1420 161 1491 199 IX.
1514 161 1578 197 vii

152 282 270 325 parte,
289 274 320 312 si
337 274 433 312 illim
454 273 690 313 beneficium
712 287 792 311 non
806 272 864 320 sit,
885 271 1025 311 rectius
1046 279 1181 323 putem
1198 271 1352 322 quidvis
1368 270 1477 310 domi

151 340 311 390 perpeti.
371 341 449 378 Sed
478 339 531 377 ita
560 339 747 377 meruisse
776 339 885 376 illum
915 340 966 377 de
996 352 1059 376 me
1079 346 1176 388 puto
1197 346 1239 376 ut
1261 339 1479 390 ἀχαριστίας

152 406 299 444 crimen
328 405 459 443 subire
490 419 571 444 non
599 406 778 451 audeam,
811 416 1052 454 quamquam
1081 416 1105 442 a
1138 411 1175 442 te
1205 403 1287 442 eius
1317 416 1477 454 quoque

151 470 205 509 rei
226 471 326 509 iusta
346 470 524 509 defensio
545 478 602 509 est
623 470 823 520 explicata.

111 550 129 581 5
206 537 268 574 De
292 536 492 586 triumpho
519 536 590 574 tibi
610 535 809 574 adsentior
829 549 947 585 quem
969 534 1130 584 quidem
1152 542 1277 574 toturn
1299 534 1411 573 facile
1438 542 1475 573 et
1494 539 1519 578 5

150 601 317 640 libenter
345 600 537 640 abiecero.
609 600 773 650 Egregie
800 601 926 650 probo
955 601 1037 637 sore
1069 607 1119 647 ut,
1152 601 1247 638 dum
1277 613 1473 649 vagamur,

150 669 170 706 ὁ
195 668 313 707 πλόος
346 669 475 716 ὡραῖος
505 666 678 715 obrepat.
741 664 802 703 ‘Si
835 665 977 702 modo'
1008 664 1137 714 inquis
1167 664 1283 702 ‘satis
1308 664 1371 702 ille
1406 663 1476 702 erit

150 733 310 771 firmus.'
368 733 437 769 Est
459 730 606 769 firmior
626 730 742 769 etiam
764 743 881 779 quam
904 729 1149 779 putabamus.
1210 731 1272 767 De
1292 728 1366 767 isto
1387 728 1476 767 licet

151 797 253 836 bene
285 810 425 847 speres.
497 795 688 834 Promitto
722 794 803 841 tibi,
839 794 870 832 si
901 793 1056 840 valebit,
1094 795 1262 844 tegulam
1297 793 1406 831 illum
1437 792 1475 830 in

93 878 130 900 12
151 862 266 901 Italia
295 863 444 899 nullam
482 860 718 899 relicturum.
792 861 925 897 ‘Tene
956 858 1070 908 igitur
1108 858 1266 897 socio?'
1329 859 1477 898 Contra

151 941 214 966 me
238 928 396 965 hercule
417 939 550 964 meum
571 924 761 962 iudicium
787 931 825 962 et
854 931 989 961 contra
1016 923 1193 961 omnium
1223 922 1475 973 antiquorum

149 991 433 1037 auctoritatem,
466 1003 539 1027 nec
577 997 656 1026 tam
692 996 733 1025 ut
767 988 831 1025 illa
864 988 1046 1026 adiuvem
1080 1001 1198 1036 quam
1229 995 1272 1025 ut
1300 989 1398 1026 haec
1427 1001 1477 1026 ne

149 1056 305 1094 videam
325 1055 442 1104 cupio
463 1053 675 1092 discedere.
723 1052 816 1090 Noli
834 1051 939 1089 enim
956 1060 1092 1101 putare
1110 1051 1320 1090 tolerabilis
1336 1053 1475 1090 horum

150 1120 320 1159 insanias
346 1132 420 1157 nec
448 1117 564 1156 unius
595 1116 703 1155 modi
733 1118 824 1154 fore.
886 1116 970 1154 Etsi
1002 1116 1097 1166 quid
1130 1124 1168 1154 te
1197 1117 1336 1154 horum
1367 1116 1473 1166 fugit,

92 1200 129 1233 ¹5
150 1185 310 1236 legibus,
345 1182 509 1229 iudiciis,
546 1189 683 1220 senatu
723 1182 879 1219 sublato
914 1181 1107 1228 libidines,
1144 1180 1338 1226 audacias,
1375 1193 1477 1219 sum-

148 1258 250 1302 ptus,
287 1256 477 1299 egestates
507 1255 564 1285 tot
593 1246 934 1296 egentissimorum
970 1245 1177 1284 hominum
1204 1259 1277 1284 nec
1309 1245 1476 1295 privatas

150 1329 266 1366 posse
297 1328 356 1352 res
390 1327 464 1351 nec
495 1326 577 1350 rem
609 1311 808 1362 publicam
849 1311 1069 1349 sustinere?
1125 1311 1328 1349 Abeamus
1362 1310 1477 1359 igitur

149 1381 242 1419 inde
263 1378 437 1429 qualibet
457 1376 705 1427 navigatione
721 1391 730 1423 3
760 1376 831 1414 etsi
856 1376 895 1414 id
918 1376 1080 1425 quidem
1108 1382 1150 1413 ut
1177 1374 1247 1413 tibi
1268 1374 1476 1421 videbitur,

150 1446 219 1484 sed
240 1452 343 1482 certe
363 1444 562 1481 abeamus.
623 1441 799 1480 Sciemus
821 1441 938 1489 enim,
962 1441 1001 1479 id
1023 1441 1131 1491 quod
1152 1446 1364 1490 exspectas,
1380 1439 1475 1489 quid

92 1526 130 1547 20
152 1508 335 1548 Brundisi
354 1515 486 1546 actum
508 1506 566 1544 site

204 1574 326 1612 Bonis
373 1573 462 1611 viris
503 1574 612 1624 quod
651 1572 707 1611 ais
748 1573 903 1623 probari
942 1586 1043 1622 quae
1090 1573 1221 1610 adhuc
1268 1569 1522 1611 fecerimus6

149 1639 316 1689 scirique
345 1639 395 1677 ab
423 1638 468 1677 iis
493 1652 560 1676 7205
588 1651 670 1677 non
700 1639 896 1688 profectos
918 1639 1030 1675 valde
1051 1638 1216 1687 gaudeo,
1240 1635 1270 1674 si
1292 1643 1348 1674 est
1370 1648 1476 1673 nunc

149 1707 250 1744 ullus
279 1705 477 1756 gaudendi
504 1707 624 1743 locus.
686 1707 747 1744 De
770 1706 940 1743 Lentulo
969 1703 1213 1753 investigabo
1240 1702 1474 1753 diligentius.

150 1772 198 1810 Id
220 1770 403 1809 mandavi
424 1770 648 1818 Philotimo,
671 1769 823 1808 homini
843 1769 931 1808 forti
951 1783 997 1807 ac
1018 1768 1183 1806 nimium
1204 1767 1394 1818 optimati.

204 1838 433 1874 Extremum
467 1842 525 1873 est
557 1843 598 1872 ut
633 1834 703 1873 tibi
737 1842 1009 1884 argumentum
1042 1835 1093 1871 ad
1123 1833 1376 1871 scribendum
1406 1833 1519 1878 for-7

148 1909 250 1939 tasse
281 1900 357 1938 iam
398 1900 508 1938 desit.
582 1902 668 1939 Nec
700 1900 805 1938 enim
839 1900 915 1938 alia
953 1901 1003 1938 de
1034 1913 1074 1937 re
1105 1912 1211 1937 nunc
1250 1899 1328 1936 ulla
1361 1896 1477 1936 scribi

149 1973 291 2016 potest,
312 1974 349 2004 et
379 1966 429 2003 de
457 1966 531 2003 hac
561 1965 656 2015 quid
686 1965 763 2003 iam
793 1964 960 2014 amplius
991 1963 1155 2002 inveniri
1184 1964 1342 2013 potest?
1399 1962 1477 2000 Sed

149 2030 336 2080 quoniam
359 2038 396 2068 et
413 2030 613 2079 ingenium
636 2029 859 2080 suppeditat
874 2029 982 2079 (dico
1003 2042 1066 2067 me
1088 2029 1245 2066 hercule
1266 2035 1307 2064 ut
1333 2026 1476 2075 sentio)

150 2102 187 2133 et
207 2107 318 2132 amor
338 2107 416 2143 quo
438 2102 475 2132 et
496 2108 628 2132 meum
658 2094 860 2144 ingenium
888 2093 1080 2139 incitatur,
1103 2105 1229 2142 perge,
1254 2099 1294 2129 ut
1315 2090 1420 2137 facis,
1439 2098 1477 2128 et

90 2172 131 2201 30
149 2158 276 2197 scribe
296 2167 488 2208 quantum
509 2166 632 2208 potes.

195 2272 209 2292 1
237 2262 318 2292 illim
341 2262 471 2292 Baiter:
500 2262 547 2292 illi
573 2261 627 2291 Μ1
773 2274 791 2301 4
817 2262 985 2301 explicata
1004 2260 1118 2291 codices
1142 2260 1349 2301 Malaepz'nae
1374 2260 1474 2300 vulg,

148 2306 186 2345 ef
209 2305 242 2336 ii.
261 2316 311 2336 22.
331 2315 359 2344 5,
378 2316 407 2336 v.
427 2316 455 2344 5.
477 2316 495 2335 2
515 2317 521 2336 z
546 2305 706 2344 explicita
724 2304 764 2334 M
876 2308 897 2335 6
920 2315 1083 2343 vagamur
1101 2304 1316 2344 Malaspina:
1339 2314 1477 2343 agamus

148 2348 189 2379 M
202 2349 353 2380 Schmidt
367 2349 433 2379 soll.
454 2352 468 2386 ξ
488 2359 507 2387 3
524 2348 544 2380 l.
562 2358 599 2377 12
702 2349 722 2378 8
748 2354 862 2388 putam
870 2359 942 2379 mus
960 2349 1036 2379 coni.
1054 2347 1243 2387 lVesenbmg
1341 2357 1378 2386 15
1404 2351 1479 2377 ante

150 2393 284 2423 iudiciis
300 2392 369 2422 add
395 2393 558 2423 iudicibus
575 2392 673 2422 Klotz
851 2403 889 2431 19
907 2396 983 2433 post
998 2393 1089 2423 enim
1106 2390 1183 2423 add.
1205 2392 1268 2421 iam
1290 2390 1481 2430 IVesenbetg

150 2446 191 2466 22
217 2446 278 2466 nos
294 2435 370 2467 add.
389 2436 509 2466 Rosius

194 2489 257 2510 (τις.
276 2489 324 2510 AD
340 2489 414 2511 Αττ.
1349 2478 1390 2508 20
