1827 2798
180 173 368 215 1X.vii13
650 173 705 210 M.
737 171 905 210 TVLLI
937 168 1244 209 CICERONIS

275 283 508 333 Pompeium
538 283 665 320 futura
696 287 827 320 essent
854 293 1022 329 quorum
1056 279 1250 318 beneficia
1283 279 1453 318 maxima
1491 280 1610 319 habe-

273 362 367 395 rem,
394 347 548 397 sibique
579 346 671 384 satis
705 359 790 384 esse
821 345 917 384 dixit
948 345 979 383 si
1009 353 1163 395 togatus
1193 345 1344 384 urbana
1374 345 1502 384 officia
1535 345 1610 383 sibi

272 411 549 462 praestitissem
580 424 681 461 quae
710 410 827 449 etiam
858 410 943 457 illis,
972 410 1003 448 si
1033 411 1184 457 vellem,
1213 417 1409 460 praestare
1438 423 1606 460 possem.

275 479 415 526 Itaque
445 489 551 514 nunc
587 478 741 514 Romae
779 475 913 513 onmia
951 475 1108 524 negotia
1143 474 1300 513 Lentuli
1331 488 1499 524 procuro
1530 487 1610 512 sus-

273 542 380 580 tineo
410 554 622 590 meumque
651 540 834 586 officium,
858 541 990 587 fidem,
1013 540 1199 590 pietatem
1230 539 1275 578 iis
1305 547 1470 589 praesto.
1530 540 1608 577 Sed
1629 555 1646 587 5

274 620 336 645 me
366 607 523 644 hercule
554 619 684 643 rursus
718 604 795 643 iam
834 604 1028 643 abiectam
1058 603 1357 654 compositionis
1387 617 1497 654 spem
1527 617 1610 642 non

272 670 629 721 desperatissimam
659 683 744 708 esse
775 677 885 718 puto,
915 668 1104 719 quoniam
1136 670 1281 708 Caesar
1314 676 1373 707 est
1402 682 1448 707 ea
1477 676 1610 707 mente

272 749 392 786 quam
421 744 557 786 optare
585 736 788 773 debemus.

328 803 418 841 Hae
451 814 491 839 re
523 800 618 838 mihi
650 801 790 849 placet,
820 798 851 837 si
880 799 951 837 tibi
980 798 1143 845 videtur,
1167 806 1205 837 te
1233 800 1284 837 ad
1315 812 1406 837 eum
1441 798 1610 837 scribere

273 873 310 904 et
347 866 397 904 ab
436 878 484 903 eo
522 864 761 914 praesidium
800 871 943 914 petere,
984 871 1026 902 ut
1064 863 1209 913 petiisti
1246 877 1270 901 a
1308 863 1501 914 Pompeio
1547 877 1610 901 me
1633 879 1672 901 10

273 930 434 981 quidem
466 930 711 980 adprobante
745 928 988 979 temporibus
1022 928 1262 967 Milonianis.
1323 929 1546 975 Praestabo,
1579 928 1610 966 si

274 996 483 1035 Caesarem
514 996 616 1033 bene
645 994 748 1041 novi,
772 1008 862 1032 eum
890 993 995 1043 prius
1024 1001 1114 1032 tuae
1141 993 1340 1044 dignitatis
1368 1007 1487 1044 quarn
1518 1006 1611 1031 suae

275 1060 450 1099 utilitatis
472 1060 662 1098 rationem
685 1059 920 1098 habiturum.

233 1132 256 1169 3
332 1127 446 1164 Haec
467 1139 585 1175 quam
606 1126 821 1175 prudenter
841 1124 912 1162 tibi
937 1124 1106 1163 scribam
1127 1124 1273 1171 nescio,
1297 1125 1366 1163 sed
1388 1123 1485 1162 illud
1507 1131 1610 1162 certe

275 1191 367 1239 scio,
400 1204 464 1229 me
491 1191 541 1228 ab
571 1189 754 1240 singulari
787 1203 921 1227 amore
949 1203 994 1227 ac
1026 1189 1302 1227 benevolentia
1335 1201 1610 1239 quaecumque
1634 1204 1669 1236 15

274 1256 402 1294 scribo
423 1255 492 1293 tibi
514 1255 691 1302 scribere,
716 1256 824 1304 quod
852 1261 889 1292 te
917 1254 987 1304 (ita
1013 1253 1202 1292 incolumi
1230 1256 1398 1293 Caesare
1425 1254 1567 1292 moriar
1587 1254 1612 1305 l)

274 1321 371 1360 tanti
395 1321 496 1359 facio
522 1328 564 1359 ut
594 1334 741 1370 paucos
771 1333 897 1369 aeque
925 1333 971 1357 ac
1001 1326 1039 1357 te
1065 1333 1176 1357 caros
1205 1319 1384 1357 habeam.
1446 1321 1508 1358 De
1538 1321 1611 1359 hac

274 1402 313 1426 re
340 1401 430 1426 cum
459 1386 608 1436 aliquid
634 1385 892 1432 constitueris,
915 1384 1032 1423 velim
1060 1384 1156 1422 mihi
1184 1384 1340 1422 scribas.
1400 1385 1505 1422 Nam
1530 1399 1611 1423 non

275 1451 522 1490 mediocriter
551 1451 687 1489 laboro
717 1455 761 1488 ul
788 1449 952 1499 utrique,
982 1457 1024 1487 ut
1054 1449 1121 1496 vis,
1153 1457 1262 1487 tuam
1294 1449 1611 1487 benevolentiam

274 1524 468 1566 praestare
495 1515 620 1566 possis
650 1529 769 1566 quam
792 1529 854 1553 me
879 1516 1037 1553 hercule
1064 1522 1102 1552 te
1123 1521 1408 1565 praestaturum
1436 1515 1607 1553 confido.
1634 1532 1672 1553 20

276 1583 352 1619 Fac
373 1583 510 1620 valeas.

927 1654 973 1692 C.

660 1738 728 1770 Ser.
749 1741 781 1770 in
799 1740 908 1770 itinere
924 1740 991 1771 circ.
1011 1740 1096 1770 Non.
1117 1739 1221 1772 Marl.

574 1817 761 1848 CAESAR
788 1818 929 1849 OPPIO
954 1819 1198 1850 CORNELIO
1225 1818 1322 1850 SAL.

240 1901 256 1928 1
330 1891 497 1930 Gaudeo
536 1903 598 1928 me
630 1891 788 1928 hercule
819 1904 888 1929 vos
927 1891 1143 1941 significare
1177 1891 1311 1930 litteris
1345 1904 1464 1941 quam
1495 1891 1609 1929 valde
1632 1901 1670 1934 25

275 1956 447 2006 probetis
486 1969 532 1994 ea
571 1970 671 2006 quae
709 1959 815 2007 apud
856 1957 1073 1997 Corfinium
1113 1965 1203 1996 sunt
1241 1966 1358 2007 gesta.
1433 1956 1611 1996 Consilio

274 2030 402 2060 vestro
424 2030 508 2060 utar
528 2022 695 2061 libenter
716 2031 754 2062 et
775 2025 851 2063 hoc
872 2024 1057 2062 libentius
1079 2025 1187 2073 quod
1210 2037 1296 2062 mea
1323 2031 1464 2072 sponte
1486 2024 1612 2060 facere

275 2087 554 2126 constitueram
585 2096 627 2127 ut
656 2103 774 2139 quam
803 2089 1045 2128 lenissimum
1079 2103 1141 2127 me
1169 2089 1397 2139 praeberem
1429 2096 1467 2126 et
1500 2090 1612 2125 Pom-

276 2151 407 2202 peium
448 2154 581 2191 darem
614 2168 773 2205 operam
809 2163 851 2192 ut
882 2155 1185 2193 reconciliarem.
1245 2156 1505 2204 Temptemus
1535 2154 1612 2191 hoc

277 2219 397 2256 modo
419 2218 449 2256 si
470 2219 666 2270 possimus
688 2220 866 2258 omnium
894 2222 1114 2259 voluntates
1135 2219 1348 2270 reciperare
1369 2226 1407 2257 et
1428 2218 1611 2257 diuturna
1632 2228 1673 2257 30

318 2335 337 2363 4
360 2328 489 2364 propter
504 2325 544 2355 iis
573 2325 609 2359 (l.
629 2326 663 2363 5⁸
689 2326 996 2365 710111enp1·0j³›7'117n
1016 2324 1116 2356 (velut
1138 2323 1306 2363 Marcelli)
1326 2321 1518 2353 addendum
1539 2325 1614 2352 ante

274 2368 428 2398 sustineo
445 2369 633 2407 suspiratur
648 2368 731 2397 Reid
869 2369 889 2397 8
913 2379 1013 2407 quam
1032 2368 1089 2398 M:
1115 2379 1181 2406 qua
1198 2368 1285 2405 vulg.
1438 2376 1475 2396 10
1495 2366 1611 2404 petisti

274 2412 353 2448 vulg
470 2421 507 2449 19
533 2417 567 2441 ut
586 2411 661 2442 add.
681 2411 748 2442 ΝΜ.
767 2424 772 2441 :
800 2423 864 2442 0111.
886 2411 971 2443 codd.
1075 2422 1116 2441 22
1140 2411 1323 2450 exemplum
1343 2409 1443 2439 lmt'us
1461 2409 1614 2448 esuis-{ulae

273 2455 307 2484 ιἰι
320 2455 511 2484 Pclrarclme
524 2457 530 2470 ‘
545 2454 574 2483 V
573 2456 617 2485 ita
632 2455 780 2486 Caesaris
790 2456 796 2467 '
808 2456 967 2489 invcnz'lm
1045 2455 1274 2494 3osspossimus
1288 2453 1404 2485 Lamb.
1419 2452 1609 2485 Pctrm'clza:

273 2508 453 2539 possumus
471 2497 558 2529 codd.
