1827 2798
189 106 298 143 XVI.
321 116 352 142 v
679 104 735 141 M.
767 103 936 140 TVLLI
967 101 1274 141 CICERONIS

310 223 603 265 exspectantem
625 214 656 253 si
673 214 740 264 qui
761 215 859 252 forte
876 227 999 252 casus.
1042 215 1182 263 Itaque
1199 213 1339 252 dubito
1359 227 1408 252 an
1422 212 1638 252 Venusiam

309 283 470 319 tendam
509 288 547 318 et
587 279 641 317 ibi
680 288 904 329 exspectem
942 281 993 317 de
1027 279 1258 328 legionibus.
1319 279 1358 317 Si
1388 280 1564 326 aberunt,
1599 288 1641 317 ut

310 346 471 395 quidam
501 344 746 390 arbitrantur,
782 346 1050 393 Hydruntem,
1079 344 1110 382 si
1143 353 1324 382 neutrum
1357 344 1427 382 erit
1457 347 1640 393 ἀσφαλές,

310 411 453 448 eodem
488 417 665 447 revertar.
727 408 853 447 Iocari
886 422 949 447 me
984 411 1128 458 putas?
1186 408 1333 446 Moriar
1368 408 1399 446 si
1433 409 1642 459 quisquam

311 488 374 512 me
401 482 508 512 tenet
538 482 690 523 praeter
719 482 767 512 te.
829 473 987 511 Etenim
1015 473 1286 522 circumspice,
1307 474 1376 511 sed
1405 482 1497 512 ante
1524 487 1642 523 quam
1663 488 1680 518 5

264 556 291 591 4
311 540 513 578 erubesco.
575 540 611 578 O
641 539 725 577 dies
756 539 795 576 in
824 538 1009 588 auspiciis
1039 538 1180 588 Lepidi
1210 540 1328 587 lepide
1357 539 1575 588 descriptos
1605 548 1643 577 et

310 612 402 654 apte
434 605 486 642 ad
518 603 727 643 consilium
763 603 911 642 reditus
942 603 1088 641 nostri!
1161 605 1308 653 Magna
1341 604 1437 653 ῥοπὴ
1470 605 1521 642 ad
1559 618 1644 654 pro-

310 669 569 708 ficiscendum
589 671 630 707 in
652 669 728 707 tuis
748 668 895 707 litteris.
955 671 1088 719 Atque
1108 668 1259 707 utinam
1284 677 1322 707 te
1343 668 1420 707 illic
1438 673 1444 707 1
1503 670 1581 707 Sed
1602 679 1643 707 ut

310 735 534 773 conducere
555 734 723 784 putabis.

267 808 292 845 5
366 799 534 849 Nepotis
576 799 786 849 epistulam
831 806 1027 848 exspecto.
1106 799 1286 849 Cupidus
1326 799 1389 837 ille
1435 801 1642 837 meorum?
1666 810 1703 831 10

309 863 377 914 qui
408 878 454 902 ea
485 864 629 914 quibus
659 864 828 902 maxime
848 868 984 917 γαυριῶ
1015 865 1181 914 legenda
1214 878 1294 902 non
1326 872 1446 913 putet.
1507 866 1558 902 Et
1586 863 1642 902 ais

309 928 413 980 ιμετ’
443 931 656 979 ἀμύμονα’1
719 931 782 967 Tu
813 943 905 968 vero
940 931 1103 979 ἀμύμων,
1135 928 1199 966 ille
1238 928 1399 978 quidem
1440 930 1639 978 ἄμβροτος.

309 996 490 1033 Mearum
521 994 776 1044 epistularum
812 995 920 1032 nulla
953 1002 1012 1032 est
1041 995 1241 1046 συναγωγή
1256 1008 1266 1041 ;
1299 994 1370 1032 sed
1399 994 1518 1031 habet
1548 993 1642 1031 Tiro

309 1060 430 1098 instar
450 1059 707 1109 septuaginta,
731 1067 769 1097 et
790 1058 953 1108 quidem
974 1068 1064 1097 sunt
1085 1073 1108 1097 a
1128 1067 1166 1097 te
1186 1060 1382 1108 quaedam
1411 1059 1638 1096 sumendae.

310 1126 386 1162 Eas
435 1138 508 1174 ego
558 1132 713 1175 oportet
765 1123 1011 1174 perspiciam,
1056 1124 1274 1175 corrigam3
1333 1131 1415 1161 tum
1469 1122 1641 1173 denique
1665 1137 1700 1167 15

307 1191 484 1228 edentur.

350 1298 417 1332 VI
631 1300 699 1332 Ser.
723 1301 842 1332 Vibone
857 1301 916 1332 viii
928 1300 972 1332 K.
994 1300 1082 1332 Sext.
1103 1312 1134 1332 a.
1156 1310 1212 1340 710
1230 1301 1318 1341 (44).

718 1377 891 1409 CICERO
914 1377 1095 1408 ATTICO
1118 1377 1224 1409 SAL.

271 1467 288 1493 1
363 1452 449 1501 Ego
482 1451 614 1489 adhuc
647 1450 823 1501 (perveni
857 1450 963 1489 enim
994 1450 1194 1488 Vibonem
1229 1451 1280 1488 ad
1316 1449 1486 1500 Siccam)
1519 1449 1641 1499 magis

306 1516 521 1554 commode
555 1528 674 1565 quam
713 1523 870 1553 strenue
908 1514 1111 1565 navigavi;
1157 1515 1274 1553 remis
1313 1514 1419 1553 enim
1458 1528 1639 1564 magnam
1664 1530 1701 1550 20

306 1589 472 1631 partem,
500 1580 701 1632 prodromi
732 1580 838 1618 nulli.
899 1582 1004 1619 Illud
1034 1580 1126 1619 satis
1157 1588 1389 1630 opportune,
1422 1581 1503 1618 duo
1534 1580 1640 1626 sinus

306 1647 465 1685 fuerunt
496 1660 596 1696 quos
628 1645 787 1683 tramitti
820 1653 1027 1694 oporteret,
1063 1647 1280 1684 Paestanus
1314 1654 1352 1683 et
1386 1644 1638 1683 Vibonensis.

309 1713 531 1762 Vtrumque
569 1711 738 1761 pedibus
781 1710 918 1760 aequis
957 1710 1207 1748 tramisimus.
1285 1709 1387 1748 Veni
1433 1709 1548 1759 igitur
1589 1711 1640 1747 ad

307 1777 461 1816 Siccam
491 1784 631 1814 octavo
661 1775 725 1813 die
755 1789 776 1813 e
807 1775 1062 1824 Pompeiano,
1095 1789 1186 1813 cum
1216 1788 1339 1812 unum
1370 1774 1475 1812 diem
1503 1773 1639 1812 Veliae

305 1841 594 1888 constitissem,
629 1840 696 1878 ubi
724 1840 886 1890 quidem
916 1840 971 1878 fui
998 1854 1092 1878 sane
1119 1839 1287 1878 libenter
1310 1840 1417 1889 apud
1441 1840 1637 1876 Thalnam
1661 1854 1698 1885 25

305 1915 482 1947 nostrum
504 1920 576 1945 nec
597 1906 708 1956 potui
728 1905 865 1956 accipi,
889 1905 956 1944 illo
975 1906 1140 1944 absente
1168 1899 1405 1955 praesertim,
1429 1904 1636 1943 liberalius.

305 1985 396 2010 V1111
440 1973 527 2009 Kal.
569 1970 682 2021 igitur
719 1972 770 2009 ad
810 1971 974 2009 Siccam.
1036 1970 1099 2009 Ibi
1137 1978 1339 2019 tamquam
1379 1970 1489 2008 domi
1528 1983 1638 2008 meae

305 2036 462 2074 scilicet.
524 2037 664 2086 Itaque
704 2035 852 2074 obduxi
891 2043 1092 2085 posterum
1131 2035 1249 2073 diem.
1319 2036 1398 2073 Sed
1437 2036 1637 2085 putabam,

304 2116 394 2140 cum
426 2101 596 2151 Regium
623 2101 830 2147 venissem,
863 2102 945 2139 fore
979 2108 1021 2139 ut
1052 2100 1130 2139 illic
1160 2101 1337 2152 (δολιχὸν
1364 2102 1484 2139 πλόον
1513 2102 1640 2151 ὁρμαί-

304 2166 446 2204 νοντες’
494 2163 755 2213 cogitaremus
803 2163 1006 2202 corbitane
1048 2165 1181 2201 Patras
1228 2177 1279 2201 an
1322 2163 1545 2202 actuariolis
1587 2165 1637 2202 ad
1659 2175 1699 2206 30

347 2279 366 2306 4
388 2272 463 2307 post
486 2273 637 2298 revertar
660 2268 754 2298 habet
775 2273 822 2307 ep.
840 2268 894 2298 xii.
917 2279 937 2307 3
964 2268 1083 2298 iterum
1101 2266 1143 2297 M
1170 2278 1235 2307 qua
1269 2267 1376 2298 multa
1406 2278 1471 2298 esse
1501 2267 1637 2307 expulsa

300 2315 398 2351 putat
412 2311 499 2341 Reid
622 2321 640 2349 5
665 2322 761 2350 quam
783 2311 928 2342 CORP:
953 2322 1017 2342 om.
1039 2316 1066 2341 Δ
1175 2312 1197 2340 6
1221 2311 1335 2350 lepide
1351 2310 1426 2342 add.
1444 2311 1636 2350 Malaspina

306 2356 333 2385 L
352 2355 493 2396 (matjg.)
585 2355 766 2393 discriptos
784 2354 871 2384 Reid
987 2356 1007 2385 8
1031 2355 1063 2384 in
1081 2353 1156 2385 add.
1179 2354 1282 2385 Orelli
1397 2364 1435 2393 19
1458 2355 1500 2384 ad
1520 2354 1609 2385 Crat.
1629 2366 1634 2383 1

305 2404 338 2429 et
356 2398 397 2428 M
541 2408 582 2436 23
606 2400 724 2436 aequis
740 2397 934 2430 Salmasius
949 2409 956 2429 :
981 2398 1078 2438 equis
1093 2397 1137 2428 M
1278 2407 1318 2438 25
1342 2397 1506 2429 Thalnam
1522 2398 1609 2439 vulg.
1629 2410 1635 2428 :

305 2442 466 2473 Talanam
485 2442 533 2482 M,
553 2442 588 2481 qs.
608 2441 655 2471 ad
669 2442 687 2472 i.
710 2443 756 2472 16.
773 2443 795 2472 6
