1827 2798
607 150 720 188 EPP.
751 152 830 188 AD
859 151 1118 190 ATTICVM
1458 151 1528 189 IX.
1546 151 1592 188 vi

254 258 468 307 Domitius,
494 267 534 297 ut
562 260 692 307 audio,
724 260 763 298 in
791 262 951 300 Cosano
980 268 1038 299 est
1067 268 1105 299 et
1134 260 1306 310 quidem,
1330 268 1372 298 ut
1400 260 1520 307 aiunt,
1543 271 1568 299 2

198 332 353 373 paratus
373 325 424 362 ad
451 324 729 373 navigandum,
750 325 781 363 si
812 326 850 363 in
880 325 1129 375 Hispaniam,
1151 340 1231 364 non
1256 326 1391 376 probo,
1415 325 1445 363 si
1472 327 1523 364 ad

199 390 391 435 Gnaeum,
432 390 576 436 laudo3
618 389 756 439 quovis
796 390 925 440 potius
964 398 1068 429 certe
1106 404 1225 440 quam
1265 399 1306 428 ut
1341 390 1522 429 Curtium

196 453 326 491 videat
365 467 483 502 quern
517 467 591 503 ego
624 462 810 503 patronus
841 454 1014 504 aspicere
1054 468 1132 493 non
1168 469 1341 504 possum.
1412 455 1520 503 Quid

158 530 174 561 5
195 518 321 556 alios?
395 519 485 564 Sed,
532 518 685 567 opinor,
730 519 989 569 quiescamuS‚
1036 533 1086 557 ne
1138 528 1310 557 nostram
1364 522 1520 569 culpam

195 595 451 632 coarguamus
479 582 560 632 qui,
581 584 676 621 dum
698 584 849 631 urbem,
870 584 909 622 id
929 592 986 622 est
1008 583 1182 633 patriam,
1205 597 1383 622 amamus
1411 586 1522 622 dum-

194 659 271 696 que
297 660 378 685 rern
409 655 690 686 conventuram
718 656 914 698 putamus,
935 648 988 686 ita
1014 662 1085 687 nos
1112 648 1303 698 gessimus
1332 656 1375 686 ut
1403 650 1520 699 plane

194 710 389 749 interclusi
412 711 594 762 captique
615 712 746 750 simus.

247 776 399 826 Scripta
436 777 513 815 iam
554 777 721 827 epistula
759 779 897 828 Capua
934 778 1083 816 litterae
1122 786 1211 816 sunt
1249 780 1402 817 adlatae
1441 780 1561 826 hoc3

136 855 175 878 10
193 843 397 891 exemplo:
431 842 664 892 ‘Pompeius
689 856 794 881 mare
824 842 973 880 transiit
999 857 1089 881 cum
1119 843 1303 881 omnibus
1329 844 1516 883 militibus

193 920 292 956 quos
332 920 466 945 seeum
505 907 652 945 habuit.
727 907 806 945 Hic
845 921 1029 945 numerus
1068 915 1126 946 est
1164 908 1370 946 hominum
1410 909 1517 948 milia

191 971 347 1021 triginta
385 979 423 1009 et
457 974 638 1010 consules
677 973 757 1010 duo
795 980 833 1009 et
872 972 1016 1009 tribuni
1048 974 1098 1022 pl.
1135 980 1172 1010 et
1211 981 1409 1011 senatores
1449 974 1515 1023 qui

191 1038 346 1075 fuerunt
367 1050 456 1075 cum
487 1050 535 1074 eo
562 1050 699 1074 omnes
726 1050 815 1074 cum
841 1036 1027 1074 uxoribus
1051 1045 1089 1075 et
1116 1037 1257 1075 liberis.
1318 1039 1516 1077 Conscen-

189 1101 295 1140 disse
333 1101 475 1139 dicitur
505 1115 538 1138 a.
570 1102 606 1139 d.
643 1113 704 1138 1111
741 1103 878 1139 Nonas
913 1101 1084 1139 Martias.
1147 1104 1205 1139 Ex
1236 1115 1282 1140 ea
1316 1102 1380 1141 die
1408 1104 1515 1142 fuere

133 1179 168 1210 15
189 1165 487 1215 septemtriones
507 1165 623 1203 venti.
683 1165 803 1203 Navis
832 1165 975 1215 quibus
1001 1179 1094 1204 usus
1115 1180 1195 1204 non
1216 1174 1273 1205 est
1300 1167 1427 1205 omnis
1447 1176 1514 1206 aut

189 1230 423 1280 praecidisse
444 1238 510 1267 aut
531 1230 753 1268 incendisse
773 1230 934 1268 dicunt.'

243 1297 306 1333 De
332 1296 405 1333 hac
426 1308 465 1333 re
485 1294 634 1333 litterae
656 1297 699 1332 L.
724 1297 888 1333 Metello
908 1295 1066 1334 tribuno
1086 1297 1136 1345 pl.
1161 1297 1338 1346 Capuam
1359 1298 1512 1336 adlatae

188 1368 278 1398 sunt
315 1373 338 1398 a
373 1359 514 1399 Clodia
552 1373 665 1398 socru
704 1373 805 1410 quae
843 1359 927 1409 ipsa
961 1360 1120 1398 transiit.
1179 1363 1285 1400 Ante
1323 1362 1556 1402 sollicitus4

187 1438 292 1463 eram
331 1432 369 1463 et
407 1425 590 1474 angebar,
629 1424 728 1462 sicut
766 1438 825 1463 res
864 1424 1012 1463 scilicet
1050 1425 1134 1475 ipsa
1172 1427 1347 1476 cogebat,
1390 1441 1511 1477 quom

127 1506 169 1529 20
187 1489 352 1528 consilio
394 1490 586 1539 explicare
624 1489 721 1527 nihil
758 1503 940 1539 possem3
987 1503 1093 1528 nunc
1130 1498 1262 1529 autem
1301 1499 1510 1542 postquam

187 1554 399 1605 Pompeius
438 1562 476 1593 et
514 1556 696 1593 consules
730 1568 777 1593 ex
809 1554 921 1592 Italia
952 1554 1137 1603 exierunt,
1172 1570 1252 1595 non
1287 1570 1407 1607 angor
1441 1559 1510 1597 sed

184 1621 303 1658 ardeo
323 1621 470 1668 dolore,
854 1664 939 1703 οὐδέ
963 1681 1027 1715 μοι
1049 1664 1140 1716 ἦτορ

293 1729 450 1780 ἔμπεδον
478 1727 569 1768 ἀλλ’
599 1730 870 1779 ἀλαλύκτημαι.

127 1831 164 1863 25
186 1817 278 1854 Non
300 1830 400 1864 sum,
416 1816 589 1867 inquam,
608 1817 704 1855 mihi
725 1818 854 1865 crede,
868 1817 1009 1856 mentis
1026 1831 1215 1868 compos;
1242 1825 1393 1858 tanturn
1415 1820 1510 1859 mihi

184 1881 388 1919 dedecoris
434 1881 640 1921 admisisse
683 1881 827 1920 videor.
908 1884 1029 1921 Mene
1079 1896 1158 1920 non
1204 1883 1373 1932 primum
1418 1899 1509 1923 cum

183 1946 376 1996 Pompeio
404 1946 682 1997 qualicumque
705 1946 870 1985 consilio
897 1961 990 1985 usus
1016 1953 1079 1994 est,
1101 1947 1247 1986 deinde
1273 1962 1363 1986 cum
1393 1949 1508 1988 bonis

182 2023 267 2049 esse
288 2011 465 2060 quamvis
487 2025 604 2049 causa
623 2019 769 2050 temere
797 2011 1001 2050 instituta?
1030 2012 1256 2061 praesertim
1277 2027 1367 2051 cum
1389 2013 1414 2051 ii
1434 2014 1507 2063 ipsi

182 2088 350 2124 quorum
372 2089 444 2125 ego
460 2089 577 2113 causa
596 2075 770 2114 timidius
792 2089 854 2114 me
875 2077 1053 2114 fortunae
1073 2076 1381 2124 committebam,
1398 2092 1503 2124 uxor,

122 2152 165 2186 30
182 2140 270 2186 filia,
295 2139 507 2179 Cicerones
536 2140 644 2188 pueri
674 2154 737 2179 me
766 2139 862 2178 illud
893 2140 1003 2189 sequi
1025 2142 1198 2187 mallent,
1225 2142 1301 2179 hoc
1331 2149 1442 2192 turpe
1469 2151 1506 2181 et

181 2218 244 2243 me
265 2204 470 2254 indignum
492 2212 683 2254 putarent.
742 2205 846 2242 Nam
868 2204 1040 2252 Quintus
1067 2204 1228 2254 quidem
1258 2207 1373 2245 frater
1401 2207 1507 2257 quic-

223 2308 244 2338 8
268 2308 372 2338 simus
389 2311 462 2338 vett.
480 2319 486 2338 :
511 2317 650 2337 suumus
667 2306 720 2336 M¹
815 2318 863 2346 19,
880 2318 922 2338 20
944 2318 1044 2347 quom
1063 2332 1069 2339 .
1087 2332 1093 2338 .
1114 2332 1119 2339 .
1138 2319 1272 2347 possem
1293 2309 1342 2340 C:
1365 2321 1431 2341 om.
1447 2321 1504 2341 ex-

179 2351 306 2391 plicare
323 2351 407 2381 nihil
425 2349 478 2380 Ml
495 2362 502 2381 :
525 2361 591 2389 quo
609 2351 656 2380 uti
674 2350 813 2381 consilio
832 2361 966 2390 possem
984 2351 1038 2381 M‘·'
1057 2363 1162 2391 marg.
1285 2363 1325 2392 27
1352 2363 1432 2385 usus
1452 2359 1504 2385 est

184 2393 390 2436 Wesenberg:
416 2405 495 2425 usus
514 2393 572 2425 M:
598 2404 678 2424 usus
695 2394 738 2424 sit
756 2392 784 2423 L
804 2396 940 2437 (marg.)
957 2406 963 2424 ε
989 2405 1049 2426 uso
1067 2395 1160 2427 Man.
