1827 2798
573 171 684 208 EPP.
717 172 794 208 AD
824 172 1081 210 ATTICVM
1460 174 1507 210 X.
1532 183 1592 208 xv

170 280 277 319 Servi
313 279 477 319 consilio
507 280 601 318 nihil
633 281 846 331 expeditur.
906 283 1057 321 Omnes
1087 282 1288 333 captiones
1318 282 1355 320 in
1387 281 1496 320 omni

169 344 363 383 sententia
397 353 616 383 occurrunt.
678 348 809 383 Vnum
847 347 890 385 C.
930 349 1160 385 Marcellum
1197 347 1362 396 cognovi
1398 347 1496 385 timi-

168 409 318 447 diorem
334 424 344 457 ,-
382 423 499 459 quem
530 412 731 448 consulem
763 410 880 449 fuisse
910 411 1091 460 paenitet.
1142 412 1192 449 ’Ὼ
1222 415 1368 461 πολλῆς
1396 415 1496 465 ἀγεν-

169 475 285 515 νείαςῐ
342 474 409 523 qui
457 474 573 512 etiam
623 474 841 512 Antonium
881 477 1133 514 confirmasse
1171 477 1313 514 dicitur
1351 485 1392 514 ut
1432 490 1494 515 me

130 554 146 584 5
169 539 386 589 impediret,
422 552 502 588 quo
540 539 633 588 ipse,
675 540 804 586 credo,
846 539 1058 578 honestius.
1127 541 1324 579 Antonius
1362 550 1493 579 autem
1515 550 1538 586 3

170 616 208 641 vi
246 605 341 641 Idus
377 604 554 652 Capuam
592 605 787 652 profectus
819 611 887 641 est.
946 605 1010 641 Ad
1046 618 1108 642 me
1140 605 1242 643 misit
1275 619 1315 643 se
1345 607 1495 655 pudore

168 668 396 707 deterritum
430 669 480 705 ad
517 682 578 706 me
614 681 692 705 non
728 667 879 706 venisse
914 670 1021 717 quod
1059 683 1121 707 me
1156 670 1228 708 sibi
1269 684 1495 708 suscensere

168 741 330 783 putaret.
392 732 517 770 Ibitur
546 732 660 782 igitur
689 740 727 771 et
756 732 808 770 ita
838 732 998 782 quidem
1029 742 1071 771 ut
1100 748 1246 781 censes,
1280 735 1353 773 nisi
1383 736 1493 773 cuius

165 796 349 847 gravioris
374 810 563 846 personae
589 796 862 846 suscipiendae
887 811 975 846 spes
1003 798 1072 836 erit
1099 807 1190 837 ante
1214 800 1355 837 oblata.
1416 801 1492 838 Sed

110 875 148 897 10
167 861 228 899 vix
249 861 318 899 erit
340 869 418 899 tam
441 861 528 899 cito.
589 861 766 899 Allienus
786 870 917 900 autem
940 871 1092 911 praetor
1119 864 1281 913 putabat
1307 864 1490 913 aliquem,

167 926 197 963 si
237 940 309 976 ego
344 940 434 973 non,
473 941 519 964 ex
557 926 730 976 conlegis
768 927 858 965 suis.
932 927 1070 976 Quivis
1109 928 1198 967 licet
1237 930 1330 967 dum
1372 931 1492 968 modo

165 990 316 1040 aliquis.

222 1057 284 1094 De
309 1069 440 1094 sorore
467 1057 596 1094 laudo.
659 1058 719 1094 De
745 1055 895 1104 Quinto
922 1070 1044 1106 puero
1068 1058 1182 1095 datur
1208 1072 1350 1107 opera;
1380 1072 1493 1108 spero
1511 1068 1537 1104 4

167 1133 252 1158 esse
273 1120 442 1158 meliora.
505 1122 566 1157 De
588 1119 740 1168 Quinto
762 1121 875 1157 fratre
900 1120 998 1158 scito
1022 1134 1111 1158 eum
1138 1135 1217 1159 non
1246 1122 1494 1160 mediocriter

109 1198 145 1228 15
168 1185 341 1223 laborare
363 1185 412 1223 de
432 1198 587 1222 versura
614 1185 683 1222 sed
707 1185 837 1222 adhuc
863 1184 958 1221 nihil
982 1198 1004 1222 a
1030 1187 1072 1222 L.
1097 1185 1264 1234 Egnatio
1294 1187 1490 1236 expressit.

166 1248 287 1287 Axius
317 1251 367 1287 de
394 1248 605 1287 duodecim
635 1248 792 1286 milibus
821 1250 999 1298 pudens!
1068 1251 1192 1300 Saepe
1222 1250 1326 1288 enim
1356 1252 1406 1289 ad
1437 1264 1493 1289 me

164 1312 316 1362 scripsit
345 1321 387 1351 ut
413 1313 542 1351 Gallio
572 1321 763 1362 quantum
791 1312 822 1350 is
851 1314 966 1351 vellet
994 1314 1138 1352 darem.
1198 1315 1319 1362 Quod
1350 1315 1380 1353 si
1410 1329 1490 1354 non

163 1377 389 1426 scripsisset,
419 1391 629 1428 possemne
655 1377 794 1415 aliter?
851 1379 902 1415 Et
929 1377 1089 1427 quidem
1121 1392 1236 1428 saepe
1266 1392 1351 1417 sum
1382 1380 1491 1429 polli-

163 1441 262 1479 citus
294 1444 363 1481 sed
391 1450 543 1481 tantum
573 1442 695 1480 voluit
725 1442 814 1480 cito.
875 1444 944 1480 Me
973 1456 1064 1481 vero
1101 1443 1331 1482 adiuvarent
1361 1444 1420 1482 his
1450 1445 1489 1482 in

106 1521 144 1542 20
162 1506 360 1556 angustiis.
433 1508 511 1545 Sed
546 1507 585 1545 di
621 1507 739 1544 istos!
807 1509 955 1545 Verum
989 1507 1093 1545 alias.
1153 1509 1212 1546 Te
1245 1522 1268 1546 a
1302 1517 1491 1557 quartana

163 1570 367 1608 liberatum
406 1573 560 1621 gaudeo
599 1571 772 1621 itemque
812 1571 961 1609 Piliam.
1040 1573 1135 1621 Ego,
1168 1573 1262 1610 dum
1303 1572 1413 1622 panis
1452 1582 1490 1611 et

162 1643 290 1674 cetera
319 1635 358 1673 in
388 1650 527 1674 navem
559 1644 752 1686 parantur,
780 1649 941 1675 excurro
971 1635 1009 1673 in
1041 1637 1339 1686 Pompeianum.
1398 1639 1489 1676 Vet-

161 1698 268 1738 tieno
299 1700 415 1740 velim
449 1702 587 1751 gratias
618 1703 726 1747 quod
757 1701 954 1739 studiosus
980 1701 1027 1739 sit
1042 1716 1052 1748 ,-
1092 1701 1123 1739 si
1150 1715 1390 1751 quemquam
1425 1716 1489 1741 na-

161 1771 246 1803 ctus
267 1765 340 1803 eris
361 1765 428 1816 qui
448 1767 624 1816 perferat⁷
649 1766 793 1804 litteras
814 1767 883 1804 des
904 1774 994 1804 ante
1016 1779 1134 1816 quam
1156 1766 1406 1806 discedimus.

103 1915 140 1947 25
203 1909 314 1944 XVI
416 1912 486 1945 Scr.
507 1914 540 1944 in
560 1914 712 1944 Cumano
724 1912 810 1954 prid.
830 1913 880 1945 Id.
900 1912 981 1944 Mai.
1003 1925 1032 1945 a.
1054 1924 1107 1953 705
1126 1913 1213 1955 (49).

567 2008 736 2038 CICERO
758 2007 940 2038 ATTICO
964 2006 1070 2039 SAL.

214 2090 481 2128 Commodum
516 2091 567 2128 ad
604 2099 640 2128 te
675 2091 861 2128 dederam
896 2091 1040 2128 litteras
1075 2091 1125 2128 de
1159 2090 1334 2140 pluribus
1369 2091 1483 2130 rebus
1504 2103 1521 2131 1

157 2167 248 2191 cum
269 2155 319 2192 ad
347 2168 410 2192 me
439 2155 540 2191 bene
569 2168 682 2192 mane
706 2154 917 2204 Dionysius
943 2154 1023 2192 suit.
1084 2154 1189 2203 Quoi
1220 2155 1379 2204 quidem
1410 2169 1483 2206 ego

199 2269 220 2297 9
244 2258 479 2297 suscipiendae
496 2258 692 2288 Ascensizts:
718 2257 935 2297 suscipienda
953 2257 994 2287 M
1103 2268 1140 2297 15
1165 2269 1305 2289 versura
1326 2259 1482 2290 Vrsinus:

157 2311 257 2330 usura
276 2301 316 2330 Μ
508 2303 545 2330 16
571 2311 622 2331 me
646 2301 722 2332 add.
747 2300 880 2331 Vrsini·
893 2305 981 2330 vetus
998 2302 1091 2331 lz'ber'
1297 2313 1335 2341 19
1360 2303 1412 2333 his
1431 2304 1481 2344 in]

155 2344 205 2374 hic
219 2344 333 2374 desinit
354 2342 399 2373 W
526 2354 563 2374 21
592 2344 687 2382 panis
704 2345 806 2374 Boot:
834 2355 938 2383 panes
955 2345 1042 2375 codd.
1060 2356 1067 2375 ;
1093 2355 1201 2384 penus
1219 2346 1309 2377 Koch
1443 2357 1483 2385 23

153 2391 228 2427 post
245 2388 371 2425 gratias
393 2387 532 2418 addend.
551 2398 630 2426 agas
651 2388 729 2418 coni.
756 2387 950 2427 lflsesenberg,
969 2388 1028 2418 sed
1049 2389 1084 2427 cf
1103 2389 1168 2419 xvi.
1188 2399 1216 2427 7.
1232 2400 1250 2428 5
1363 2390 1404 2420 sit
1423 2389 1482 2420 M:

157 2435 208 2460 est
230 2430 305 2461 Vict.
439 2433 480 2461 28
505 2431 580 2472 suit]
604 2432 696 2461 venit
718 2430 916 2472 Wesenberg,
934 2431 990 2462 scd
1006 2431 1043 2471 qs:
1063 2443 1091 2472 4.
1106 2433 1146 2463 8:
1172 2442 1246 2463 cum
1270 2432 1335 2464 tuis
1356 2439 1411 2475 με.
1434 2434 1481 2463 lit-

156 2475 229 2504 teris
243 2475 337 2514 venit!
359 2473 482 2505 Gurlitt
