1827 2798
603 540 777 579 LIBER
806 540 1049 579 TERTIVS
1090 539 1343 580 DECIMVs

727 654 830 701 AD
879 653 1218 702 ATTICVM

348 783 373 819 Ῑ
586 786 655 818 Scr.
676 787 708 817 ιἰι
732 786 916 817 Tusculano
931 798 955 817 x
970 786 1013 817 K.
1033 786 1109 818 Iun.
1130 797 1162 818 a.
1182 796 1240 828 709
1260 785 1342 828 (45).

777 874 953 905 CICERO
985 873 1166 905 ATTICO.

270 978 287 1004 1
362 965 429 1001 AD
451 962 686 1003 Ciceronem
708 962 761 1001 ita
781 962 967 1012 scripsisti
989 971 1031 1001 ut
1052 976 1182 1013 neque
1203 962 1373 1002 severius
1394 975 1523 1013 neque
1543 970 1639 1002 tem·

306 1027 475 1078 peratius
497 1028 612 1066 scribi
639 1027 809 1078 potuerit
838 1042 911 1066 nec
942 1028 1065 1078 magis
1087 1026 1240 1081 [quam]
1263 1042 1379 1078 quern
1400 1029 1452 1067 ad
1473 1029 1636 1067 modum

306 1106 379 1142 ego
401 1092 569 1130 maxime
590 1094 730 1131 vellem
748 1107 758 1141 3
790 1092 1095 1142 prudentissime
1115 1092 1233 1131 etiam
1253 1094 1304 1131 ad
1325 1092 1487 1130 Tullios.
1548 1093 1638 1141 Qua
1658 1103 1675 1135 5

263 1170 287 1197 2
306 1171 345 1196 re
374 1166 441 1195 aut
471 1158 543 1195 ista
572 1157 779 1207 proficient
807 1166 873 1196 aut
903 1158 1009 1196 aliud
1038 1172 1209 1208 agamus.
1272 1160 1333 1196 De
1359 1157 1527 1208 pecunia
1546 1171 1638 1195 vero

306 1222 423 1261 video
443 1236 466 1260 a
486 1230 524 1261 te
545 1236 705 1260 omnem
731 1222 974 1272 diligentiam
999 1222 1178 1261 adhiberi
1199 1224 1259 1261 vel
1281 1222 1411 1272 potius
1432 1222 1509 1260 iam
1530 1221 1638 1260 adhi-

306 1287 428 1324 bitam
450 1301 546 1326 esse.
607 1288 728 1336 Quod
749 1287 780 1325 si
801 1287 932 1335 efficis,
955 1301 977 1325 a
998 1295 1035 1325 te
1056 1289 1190 1325 hortos
1210 1287 1378 1325 habebo.
1439 1288 1525 1325 Nec
1545 1300 1638 1324 vero

305 1353 428 1389 ullum
458 1365 582 1401 genus
611 1351 871 1401 possessionis
901 1360 959 1390 est
984 1353 1094 1402 quod
1124 1352 1269 1399 malim,
1292 1351 1460 1390 maxime
1490 1351 1638 1390 scilicet

304 1416 357 1453 ob
389 1429 476 1454 eam
510 1430 669 1454 causam
709 1430 810 1466 quae
849 1425 1030 1466 suscepta
1069 1424 1152 1464 est3
1196 1416 1306 1455 cuius
1345 1416 1635 1454 festinationem
1661 1429 1698 1451 10

305 1480 400 1518 mihi
421 1480 535 1527 tollis,
560 1481 748 1531 quoniam
774 1482 824 1520 de
848 1489 996 1520 aestate
1026 1481 1220 1532 polliceris
1241 1484 1301 1520 vel
1327 1481 1457 1531 potius
1485 1481 1635 1531 recipis.

305 1545 461 1585 Deinde
477 1546 595 1585 etiam
615 1548 666 1585 ad
689 1547 918 1596 καταβίωσιν
933 1546 1248 1597 maestitiamque
1264 1546 1519 1585 minuendam
1541 1546 1638 1584 nihil

303 1611 399 1649 mihi
430 1611 586 1661 reperiri
612 1620 741 1661 potest
768 1612 921 1662 aptius;
952 1611 1062 1650 cuius
1083 1611 1137 1651 rei
1159 1611 1355 1661 cupiditas
1383 1611 1547 1661 impellit
1574 1624 1638 1649 me

302 1675 499 1714 interdum
533 1684 574 1714 ut
609 1684 646 1714 te
681 1676 825 1714 hortari
855 1676 984 1714 velim.
1044 1678 1122 1715 Sed
1157 1690 1220 1715 me
1246 1676 1329 1726 ipse
1360 1690 1526 1723 revoco;
1555 1689 1635 1714 non

303 1740 408 1778 enim
439 1740 580 1778 dubito
601 1740 707 1790 quin,
731 1742 839 1790 quod
868 1755 931 1779 me
956 1742 1070 1779 valde
1099 1743 1199 1779 velle
1223 1749 1347 1791 putes,
1371 1740 1410 1778 in
1435 1754 1483 1778 eo
1507 1748 1548 1778 tu
1573 1754 1636 1779 me
1659 1754 1696 1786 15,

304 1805 433 1855 ipsum
454 1805 668 1854 cupiditate
689 1805 832 1844 vincas.
884 1808 1023 1855 Itaque
1044 1806 1143 1844 istuc
1164 1806 1240 1843 iam
1263 1820 1333 1856 pro
1353 1807 1456 1843 facto
1476 1806 1616 1843 habeo.

262 1874 286 1911 3
361 1872 557 1920 Exspecto
596 1869 692 1919 quid
731 1870 813 1909 istis
852 1872 1014 1921 placeat
1039 1872 1088 1909 de
1123 1870 1289 1920 epistula
1322 1871 1373 1908 ad
1412 1872 1633 1909 Caesarem.

306 1934 440 1973 Nicias
466 1942 513 1982 te,
544 1942 585 1973 ut
611 1936 741 1983 debet,
764 1943 869 1974 amat
898 1937 1231 1985 vehementerque
1261 1943 1328 1973 tua
1357 1935 1416 1973 sui
1446 1934 1637 1973 memoria

303 2001 530 2038 delectatur.
610 2002 695 2050 Ego
734 2014 826 2039 vero
871 2002 1123 2039 Peducaeum
1164 2008 1341 2039 nostrum
1380 2001 1636 2039 vehementer

301 2064 445 2114 dilig03
479 2078 571 2102 nam
596 2073 634 2103 et
655 2065 792 2115 quanti
819 2072 969 2115 patrem
998 2065 1082 2112 feci,
1107 2068 1258 2105 †totum
1284 2066 1322 2102 in
1349 2066 1480 2104 hunc†
1504 2065 1632 2115 ipsum
1656 2077 1696 2100 20

300 2143 369 2180 per
413 2144 454 2168 se
491 2144 618 2180 aeque
648 2144 740 2168 amo
770 2138 889 2180 atque
920 2130 1029 2168 illum
1061 2130 1199 2177 amavi,
1231 2138 1269 2169 te
1297 2144 1389 2169 vero
1423 2130 1633 2180 plurimum

300 2194 368 2244 qui
400 2196 475 2233 hoc
507 2196 557 2234 ab
593 2203 759 2245 utroque
791 2203 968 2234 nostrum
1002 2195 1082 2233 fieri
1110 2195 1215 2234 velis.
1276 2195 1315 2234 Si
1345 2196 1478 2233 hortos
1508 2194 1635 2245 inspe-

344 2309 363 2337 4
388 2309 487 2337 quam
504 2298 562 2330 del.
584 2298 677 2329 Man.
861 2300 881 2329 8
905 2298 1005 2337 Quod
1023 2299 1050 2329 si
1070 2298 1098 2329 C
1111 2309 1140 2330 v.
1157 2309 1182 2330 c.
1199 2297 1228 2327 L
1245 2297 1384 2339 (marg.)
1403 2297 1518 2328 codices
1533 2297 1632 2328 Bost':

301 2353 367 2373 om.
390 2346 442 2373 ΣΔ
515 2341 634 2381 efficis]
653 2347 685 2372 et
702 2342 842 2372 sicunde
859 2342 1012 2373 Schmidt
1028 2344 1108 2380 (om.
1129 2341 1230 2380 Quod
1251 2342 1295 2380 si)
1408 2352 1451 2372 20
1475 2345 1579 2372 totum
1598 2342 1632 2371 in

299 2386 389 2416 hunc
408 2388 463 2427 (sc.
485 2385 658 2426 transtuli)
676 2391 709 2416 et
727 2386 837 2425 ipsum
854 2385 972 2417 Lamb.
994 2397 1001 2417 ε
1025 2386 1109 2416 tanti
1126 2386 1216 2416 hunc
1234 2390 1268 2416 et
1285 2385 1395 2425 ipsum
1409 2384 1495 2416 Reid
