1827 2798
137 158 206 194 IX.
225 166 255 193 x
612 156 668 194 M.
700 154 869 193 TVLLI
899 152 1207 193 CICERONIS

185 277 231 304 10
251 266 319 304 tati
340 274 494 304 nostrae
514 265 773 303 consuluero.'
829 275 886 300 vn
910 263 1006 300 Idus
1034 261 1196 300 Martias
1217 261 1352 301 scribis
1374 263 1583 302 Peducaeo

250 344 409 380 quoque
436 338 570 367 nostro
594 328 749 379 probari
770 329 879 377 quod
906 326 1083 376 quierim,
1105 327 1217 365 cuius
1247 327 1456 366 auctoritas
1487 329 1585 365 mul-

249 403 333 433 tum
362 395 469 443 apud
498 407 561 431 me
589 394 704 432 valet.
762 392 838 429 His
866 405 938 441 ego
959 390 1035 429 tuis
1062 391 1214 441 scriptis
1240 405 1304 431 me
1330 394 1512 431 consolor
1540 399 1584 430 ut

250 458 346 496 nihil
366 472 389 496 a
409 472 472 496 me
491 459 622 495 adhuc
651 456 840 495 delictum
867 463 1016 506 putem.
1073 457 1136 494 Tu
1163 457 1285 494 modo
1310 455 1584 496 auctoritatem

250 531 358 562 tuam
387 522 590 561 defendito
607 535 618 570 3
656 522 843 559 adversus
875 534 939 558 me
973 519 1070 559 nihil
1099 533 1199 570 opus
1230 528 1288 558 est
1315 522 1385 559 sed
1415 521 1582 561 consciis
1603 533 1621 565 5

250 601 346 637 egeo
379 587 477 626 aliis.
534 588 619 636 Ego
650 585 681 623 si
712 585 809 623 nihil
843 584 1014 635 peccavi,
1047 584 1198 634 reliqua
1227 586 1380 624 tuebor.
1435 587 1500 624 Ad
1538 599 1585 626 ea

250 660 332 690 tute
366 654 519 690 hortare
553 658 590 689 et
622 664 685 688 me
723 649 886 688 omnino
917 657 984 687 tua
1017 648 1254 699 cogitatione
1290 649 1446 689 adiuva.
1503 650 1584 689 Hic

250 716 445 754 nihildum
479 717 530 754 de
564 715 689 753 reditu
724 713 901 753 Caesaris
932 713 1178 753 audiebatur.
1235 716 1320 764 Ego
1352 714 1411 752 his
1448 714 1584 756 litteris

251 783 328 820 hoc
348 788 480 819 tamen
500 779 657 832 profeci,
680 778 825 830 perlegi
845 778 974 817 omnis
994 786 1080 819 tuas
1101 786 1139 818 et
1160 779 1200 817 in
1220 792 1268 819 eo
1286 778 1480 831 acquievi.

296 948 363 984 XI
531 949 598 983 scr.
618 949 650 980 in
668 949 850 981 fibrmiano
865 949 927 979 xiii
938 949 984 981 K.
1001 948 1084 989 Apr.
1102 959 1134 980 a.
1155 958 1210 990 705
1220 948 1309 992 (49).
1607 954 1646 978 10

667 1032 837 1064 CICERO
859 1031 1041 1064 ATTICO
1063 1030 1169 1064 SAL.

219 1128 236 1156 1
309 1118 522 1157 Lentulum
561 1123 738 1155 nostrum
777 1114 851 1154 scis
891 1114 1064 1152 Puteolis
1103 1115 1221 1154 esse?
1278 1114 1400 1163 Quod
1433 1127 1524 1153 cum
1563 1128 1584 1153 e

256 1183 401 1222 viatore
422 1183 593 1232 quodam
617 1188 719 1220 esset
739 1180 918 1219 auditum
939 1180 1006 1230 qui
1034 1193 1075 1218 se
1102 1179 1249 1218 diceret
1269 1193 1359 1218 eum
1380 1179 1420 1218 in
1440 1180 1582 1230 Appia,

255 1262 345 1287 cum
376 1248 407 1286 is
436 1249 597 1297 paulum
627 1246 806 1285 lecticam
835 1245 1060 1295 aperuisset,
1084 1258 1287 1295 cognosse,
1309 1245 1382 1283 etsi
1411 1245 1473 1283 vix
1506 1245 1584 1284 veri

256 1313 380 1352 simile
414 1318 476 1359 est,
508 1311 596 1349 misi
626 1319 758 1349 tamen
790 1312 976 1350 Puteolos
1007 1324 1149 1360 pueros
1182 1310 1249 1360 qui
1281 1310 1585 1360 pervestigarent
1607 1326 1645 1360 15

255 1386 293 1417 et
312 1380 362 1417 ad
384 1391 474 1416 eum
495 1377 650 1415 litteras.
712 1378 901 1414 Inventus
925 1383 983 1414 est
1012 1375 1074 1413 vix
1094 1375 1134 1413 in
1161 1375 1283 1414 hortis
1305 1375 1383 1413 suis
1403 1389 1440 1413 se
1459 1377 1588 1414 occul-

255 1452 340 1482 tans
361 1444 586 1492 litterasque
607 1442 703 1480 mihi
723 1441 871 1480 remisit
899 1441 1061 1480 mirifice
1088 1441 1228 1492 gratias
1255 1455 1375 1492 agens
1401 1441 1558 1481 Caesari
1577 1456 1587 1490 3

254 1510 303 1547 de
333 1522 404 1547 suo
433 1515 565 1546 autem
595 1506 760 1545 consilio
791 1508 834 1546 C.
860 1506 1001 1546 Caesio
1027 1507 1214 1545 mandata
1242 1507 1294 1545 ad
1323 1520 1387 1545 me
1416 1506 1582 1546 dedisse.

256 1575 357 1611 Eum
379 1586 451 1622 ego
472 1572 591 1610 hodie
612 1572 899 1622 exspectabam,
923 1571 963 1610 id
985 1579 1042 1610 est
1063 1584 1141 1609 xm
1165 1574 1216 1610 K.
1238 1572 1394 1623 Aprilis.

211 1647 236 1675 2
308 1637 427 1676 Venit
453 1636 568 1675 etiam
591 1637 642 1675 ad
664 1650 726 1674 me
748 1636 895 1674 Matius
923 1637 1248 1687 Quinquatribus,
1271 1639 1393 1677 homo
1420 1652 1484 1678 me
1504 1639 1587 1677 her·
1608 1650 1647 1674 20

256 1704 353 1748 cule,
376 1709 419 1740 ut
445 1701 541 1739 mihi
561 1701 666 1739 visus
696 1709 763 1748 est,
787 1709 1026 1752 temperatus
1052 1710 1091 1741 et
1118 1705 1316 1753 prudens3
1345 1703 1586 1742 existimatus

256 1767 417 1817 quidem
438 1774 495 1805 est
517 1780 670 1816 semper
689 1774 824 1805 auctor
845 1767 910 1805 oti.
971 1771 1103 1818 Quam
1130 1768 1194 1807 ille
1221 1771 1297 1808 hoc
1322 1783 1402 1807 non
1423 1771 1588 1820 probare

258 1832 352 1870 mihi
382 1832 543 1882 quidem
573 1831 677 1870 visus
707 1839 774 1878 est,
799 1847 917 1882 quam
948 1834 1054 1871 illam
1084 1836 1235 1882 νέκυιαν,
1259 1842 1301 1873 ut
1330 1842 1371 1873 tu
1401 1836 1585 1885 appellas,

258 1897 418 1935 timere!
477 1897 585 1935 Huic
623 1911 696 1947 ego
735 1897 774 1935 in
814 1901 938 1937 multo
978 1913 1159 1938 sermone
1198 1900 1404 1949 epistulam
1438 1901 1490 1938 ad
1525 1913 1588 1938 me

260 1961 437 2001 Caesaris
471 1962 637 2010 ostendi,
666 1977 753 2002 eam
788 1963 898 2002 cuius
933 1966 1156 2013 exemplum
1187 1965 1238 2002 ad
1272 1972 1310 2002 te
1340 1972 1456 2002 antea
1487 1964 1584 2011 misi,
1610 1975 1647 2007 25

260 2027 469 2077 rogavique
499 2036 540 2066 ut
570 2028 884 2079 interpretaretur
915 2029 1010 2078 quid
1039 2037 1139 2067 esset
1164 2031 1272 2079 quod
1300 2029 1363 2068 ille
1390 2030 1576 2068 scriberet

264 2092 451 2131 ‘consilio
480 2107 568 2132 meo
595 2108 636 2132 se
664 2094 720 2132 uti
744 2096 853 2140 velle,
887 2093 1017 2143 gratia,
1051 2094 1251 2144 dignitate,
1284 2108 1359 2145 ope
1393 2109 1520 2133 rerum
1553 2109 1592 2135 o-

262 2156 436 2195 mnium.’
473 2159 696 2208 Respondit
714 2172 754 2196 se
771 2172 851 2197 non
870 2158 1049 2197 dubitare
1067 2159 1161 2208 quin
1178 2167 1215 2198 et
1233 2173 1348 2209 opem
1370 2167 1408 2198 et
1428 2161 1590 2210 gratiam

263 2234 390 2259 meam
426 2223 489 2260 ille
519 2225 569 2261 ad
604 2223 918 2273 pacificationem
958 2231 1170 2273 quaereret.
1229 2224 1390 2262 Vtinam
1429 2225 1591 2276 aliquod

313 2337 349 2365 15
375 2332 425 2357 est
443 2326 517 2358 add.
539 2327 622 2358 mid
634 2327 681 2358 ad
694 2327 797 2359 Acad.
820 2329 852 2359 ii.
871 2338 890 2366 3
993 2330 1031 2358 16
1054 2329 1122 2359 suis
1138 2339 1175 2359 se
1192 2329 1280 2368 vulg.
1297 2340 1304 2359 :
1329 2338 1407 2361 sues
1423 2328 1465 2360 M
1554 2330 1591 2360 18

267 2370 388 2400 Caesio
413 2370 574 2405 Schmidt,
600 2371 635 2410 cs.
662 2371 709 2402 ad
733 2382 780 2409 13.
802 2383 841 2409 7:
866 2372 965 2402 Cetio
989 2371 1046 2403 M:
1080 2373 1205 2403 Caecio
1229 2371 1325 2406 Man.
1464 2382 1504 2415 19
1527 2382 1592 2404 xm

266 2413 405 2444 Rosius:
430 2423 505 2444 xlm
524 2413 565 2444 M
693 2425 734 2445 22
760 2415 841 2446 hacc
858 2419 927 2448 velt.
949 2414 1137 2456 lVesenherg
