1827 2798
140 121 261 159 XIII.
283 120 374 169 xiii,
393 120 472 158 xiv
663 121 720 156 M.
752 119 921 156 TVLLI
952 118 1260 157 CICERONIS

293 239 426 270 tamen
458 231 582 268 multa
612 230 796 268 detracta.
866 230 930 267 Tu
964 236 1096 267 autem
1129 228 1226 266 mihi
1259 227 1447 279 pervelim
1479 227 1624 267 scribas

293 297 360 346 qui
394 294 627 334 intellexeris
658 293 769 332 illum
802 294 903 332 velle
918 308 928 342 3
968 293 1065 333 illud
1094 308 1186 332 vero
1216 294 1352 344 utique
1381 293 1478 332 scire
1507 293 1625 344 cupio

293 374 411 410 quem
446 358 680 398 intellexeris
713 359 765 398 ab
797 373 844 398 eo
879 360 1171 409 ζηλοτυπεῖσθαι
1205 359 1280 398 nisi
1311 361 1410 398 forte
1445 361 1623 398 Brutum.

294 426 342 463 Id
360 427 489 463 hercle
502 424 672 463 restabat
690 426 696 462 1
735 426 814 463 Sed
831 432 965 463 tamen
982 425 1081 464 scire
1098 425 1297 475 pervelim.
1338 424 1447 463 Libri
1463 424 1625 475 quidem

292 488 346 527 ita
365 489 552 538 exierunt,
576 488 650 527 nisi
674 491 773 528 forte
804 503 868 529 me
898 489 1121 529 communis
1143 491 1322 540 φιλαυτία
1341 490 1499 540 decipit,
1522 497 1565 528 ut
1585 489 1625 527 in
1648 503 1665 535 5

291 554 357 592 tali
386 568 528 604 genere
548 568 598 593 ne
617 556 724 605 apud
746 556 919 594 Graecos
940 555 1102 605 quidem
1123 555 1249 594 simile
1270 554 1493 605 quicquam.
1561 556 1624 592 Tu

291 618 397 657 illam
427 619 615 657 iacturam
636 620 735 658 feres
755 633 884 669 aequo
903 619 1038 659 animo
1068 621 1177 670 quod
1197 620 1263 658 illa
1283 633 1384 670 quae
1413 620 1535 657 habes
1558 617 1624 671 [de

292 683 560 737 Academicis]
578 686 717 723 frustra
737 685 934 735 descripta
954 693 1056 724 sunt.
1101 687 1232 724 Multo
1248 694 1381 723 tamen
1397 686 1495 722 haec
1511 691 1624 722 erunt

249 757 273 786 2
293 749 571 799 splendidiora,
595 750 783 797 breviora,
802 750 974 788 meliora.
1019 752 1139 789 Nunc
1159 758 1292 789 autem
1313 753 1438 800 ἀπορῶ
1458 763 1538 799 quo
1559 762 1623 788 me

291 822 449 853 vertam.
508 816 613 853 Volo
646 816 877 854 Dolabellae
908 817 1022 854 valde
1053 815 1292 855 desideranti
1309 830 1319 863 3
1356 828 1438 853 non
1471 813 1622 864 reperio
1645 828 1683 850 10

290 879 397 930 quid,
431 887 469 919 et
503 879 619 918 simul
654 881 843 931 (αἰδέομαι
874 883 1022 931 Τρῶας’
1054 895 1195 931 neque,
1230 881 1262 919 si
1291 880 1452 930 aliquid,
1485 886 1623 929 potero

290 946 431 995 μέμψιν
459 946 638 995 effugere.
698 947 779 984 Aut
809 947 1046 985 cessandum
1067 945 1183 996 igitur
1202 953 1270 983 aut
1294 944 1445 995 aliquid
1475 942 1626 993 excogi-

292 1012 469 1049 tandum.
528 1011 606 1049 Sed
627 1009 723 1060 quid
744 1012 841 1049 haec
861 1010 961 1049 levia
981 1012 1195 1049 curamus?

249 1080 273 1117 3
346 1075 478 1113 Attica
499 1088 595 1121 mea,
619 1075 785 1113 obsecro
809 1082 858 1122 te,
882 1075 979 1125 quid
1001 1075 1109 1125 agit?
1149 1076 1262 1124 Quae
1286 1088 1351 1113 me
1370 1075 1484 1112 valde
1504 1072 1621 1123 angit.

293 1141 371 1178 Sed
402 1140 539 1178 crebro
560 1147 716 1189 regusto
737 1147 822 1178 tuas
843 1139 989 1178 litteras
1006 1155 1017 1189 5
1046 1139 1086 1178 in
1108 1139 1167 1178 his
1187 1139 1409 1189 acquiesco.
1468 1140 1622 1176 Tamen
1645 1153 1680 1184 15

294 1212 479 1254 exspecto
500 1219 632 1243 novas.

249 1279 275 1316 4
350 1269 486 1307 Brinni
521 1270 682 1308 libertus
722 1271 884 1308 coheres
923 1278 1055 1309 noster
1084 1270 1236 1320 scripsit
1269 1270 1320 1308 ad
1359 1283 1423 1307 me
1451 1270 1562 1315 velle,
1594 1267 1626 1306 si

151 1324 223 1360 (ΣΝ
242 1322 274 1363 ¹)
294 1334 391 1372 mihi
428 1337 608 1384 placeret,
641 1336 856 1373 coheredes
895 1349 936 1374 se
974 1344 1012 1374 et
1051 1336 1242 1374 Sabinum
1280 1334 1443 1373 Albium
1481 1335 1532 1372 ad
1562 1347 1626 1371 me

291 1399 432 1437 venire.
494 1401 541 1437 Id
569 1413 642 1450 ego
669 1402 785 1450 plane
813 1402 916 1438 nolo.
978 1400 1190 1438 Hereditas
1215 1399 1313 1438 tanti
1336 1412 1418 1437 non
1445 1406 1513 1437 est.
1574 1399 1626 1436 Et

290 1473 422 1503 tamen
437 1464 546 1503 obire
559 1465 752 1503 auctionis
769 1465 874 1504 diem
890 1465 1002 1503 facile
1018 1473 1203 1516 poterunt
1218 1465 1293 1516 (est
1305 1464 1411 1504 enim
1426 1477 1473 1502 111
1496 1462 1621 1512 Idus),
1646 1478 1686 1500 20

290 1530 321 1569 si
360 1544 423 1568 me
462 1530 502 1568 in
541 1531 770 1568 Tusculano
808 1530 997 1580 postridie
1032 1532 1171 1569 Nonas
1206 1544 1321 1568 mane
1355 1528 1621 1567 convenerint.

292 1596 413 1644 Quod
435 1595 465 1633 si
482 1594 604 1633 laxius
620 1597 753 1633 volent
774 1597 945 1645 proferre
966 1595 1083 1643 diem,
1100 1603 1285 1645 poterunt
1301 1597 1361 1633 vel
1383 1594 1549 1632 biduum
1564 1595 1624 1631 vel

291 1660 465 1699 triduum
486 1662 547 1698 vel
568 1668 609 1698 ut
630 1660 850 1708 videbitur3
881 1660 978 1698 nihil
1006 1661 1111 1699 enim
1138 1660 1307 1699 interest.
1369 1661 1460 1709 Qua
1483 1673 1523 1698 re
1550 1658 1624 1696 nisi

144 1731 218 1768 (xiv
234 1728 270 1770 2)
291 1725 367 1763 iam
385 1725 549 1775 profecti
563 1733 663 1772 sunt,
680 1725 865 1763 retinebis
879 1726 1071 1764 homines.
1107 1728 1167 1764 De
1186 1729 1317 1772 Bruto,
1334 1725 1365 1763 si
1382 1724 1478 1775 quid
1492 1724 1622 1774 egerit,

290 1792 341 1829 de
363 1791 540 1838 Caesare,
564 1790 596 1828 si
616 1790 712 1840 quid
733 1790 843 1837 scies,
867 1790 897 1828 si
919 1791 1015 1841 quid
1035 1791 1106 1829 erit
1127 1799 1326 1841 praeterea
1350 1789 1507 1829 scribes.
1645 1803 1682 1835 25

332 1896 452 1940 XIV,
471 1896 556 1930 XV
603 1899 673 1931 δον.
694 1900 727 1930 in
744 1900 907 1940 Arpinati
922 1911 940 1931 v
951 1901 994 1932 K.
1011 1901 1122 1940 Quint.
1143 1911 1172 1932 a.
1189 1910 1248 1941 709
1266 1899 1347 1941 (45).

699 1977 873 2008 CICERO
901 1977 1083 2008 ATTICO
1112 1977 1218 2009 SAL.

185 2049 272 2102 1(2)
347 2051 452 2089 Illud
482 2050 600 2089 etiam
629 2058 748 2101 atque
777 2050 895 2089 etiam
925 2051 1150 2089 consideres
1170 2050 1299 2098 velim,
1321 2051 1526 2100 placeatne
1553 2048 1624 2088 tibi

291 2116 392 2155 mitti
417 2118 468 2155 ad
489 2118 707 2155 Varronem
729 2117 837 2166 quod
864 2116 1099 2167 scripsimus.
1160 2116 1244 2155 Etsi
1271 2116 1388 2156 etiam
1418 2116 1469 2154 ad
1496 2123 1533 2153 te
1559 2114 1624 2153 ali-

335 2231 363 2259 7,
377 2221 396 2250 8
421 2221 463 2251 de
480 2220 696 2251 Academicis
706 2220 763 2251 del.
778 2219 864 2250 Reid
877 2222 913 2249 ut
928 2230 967 2250 ex
983 2221 1176 2260 matgz'nein
1189 2223 1314 2250 textum
1325 2220 1443 2250 inserta
1514 2228 1562 2257 17,
1583 2219 1622 2248 18

292 2270 407 2295 noster
418 2289 424 2295 .
440 2289 447 2295 .
463 2288 469 2295 .
483 2264 702 2294 coheredesI
713 2263 799 2294 Crat.
818 2275 824 2294 ε
841 2274 906 2294 om.
923 2264 1010 2295 codd.
1094 2265 1132 2294 18
1145 2274 1181 2294 se
1194 2269 1226 2294 et
1245 2263 1400 2294 Vrsinus:
1419 2263 1478 2293 sed
1490 2262 1620 2293 [ζητῇς

292 2309 338 2338 ait
362 2309 452 2347 (corr.
474 2319 512 2338 ex
529 2309 576 2348 et)
595 2307 655 2337 M:
681 2307 786 2337 locum
811 2308 855 2337 ila
878 2307 961 2337 dunt
982 2308 1049 2339 edd.
1071 2308 1250 2338 recenttbres
1270 2307 1411 2337 libertus
1435 2306 1622 2336 coheredes

291 2353 336 2382 ait
353 2356 387 2381 et
406 2352 566 2382 Sabinum
724 2361 767 2381 20
791 2351 883 2381 obire
902 2350 960 2380 M:
986 2362 1110 2382 novare
1129 2351 1157 2382 C
1308 2361 1350 2390 24
1375 2350 1484 2390 egerit
1503 2349 1621 2380 Orelli:

292 2396 355 2426 erit
373 2395 460 2426 codd.
596 2404 637 2434 25
662 2394 688 2424 si
705 2395 785 2433 quid
804 2394 868 2425 erit
886 2390 1060 2426 OERCZ‘J
1074 2406 1131 2426 v.c.
1150 2406 1157 2426 :
1182 2405 1247 2426 om.
1269 2399 1298 2425 Δ
