1827 2798
570 144 682 182 EPP.
714 145 792 180 Al)
822 143 1081 182 ATTICVM
1397 142 1506 177 XIV.
1526 141 1602 177 xiii

334 254 470 291 Τέκνον
499 254 597 303 ἐμόν,
627 254 670 292 οὔ
697 271 753 291 τοι
782 253 924 291 δέδοται
952 253 1140 303 πολεμήια
1170 253 1271 305 ἔργα,

335 320 437 356 ἀλλὰ
465 317 550 370 σύγ’
580 319 767 368 ἱμερόεντα
796 319 971 369 μετέρχεο
1001 320 1090 371 ἔργα
1118 319 1259 370 λόγοιο.

162 383 240 420 Sed
270 383 367 420 haec
396 383 472 420 fors
498 381 647 428 viderit,
671 395 716 420 ea
740 396 841 431 quae
870 382 1013 420 talibus
1043 382 1081 420 in
1113 382 1228 421 rebus
1258 383 1344 432 plus
1370 394 1487 431 quam
1512 389 1536 427 3

162 446 259 484 ratio
297 454 439 496 potest.
508 447 592 484 Nos
634 454 766 484 autem
815 446 854 484 id
894 447 1097 484 videamus
1141 448 1249 496 quod
1293 446 1331 484 in
1375 446 1490 483 nobis

128 525 139 532 ·
162 510 254 561 ipsis
284 525 369 549 esse
399 512 532 558 debet,
552 519 593 549 ut
613 511 805 561 quicquid
835 512 1029 549 accideret
1058 511 1206 549 fortiter
1230 519 1270 549 et
1297 510 1492 560 sapienter

162 577 330 614 feramus
361 584 398 614 et
423 575 614 614 accidisse
641 575 870 613 hominibus
895 575 1200 623 meminerimus,
1224 589 1375 625 nosque
1400 588 1489 613 cum

163 643 329 678 multum
364 641 512 679 litterae
542 648 626 678 tum
656 654 737 678 non
767 640 975 678 minimum
1009 642 1105 679 Idus
1134 653 1294 690 quoque
1326 639 1491 677 Martiae

162 707 426 743 consolentur.
483 705 646 755 Suscipe
673 719 778 743 nunc
809 719 937 744 meam
966 705 1288 744 deliberationem
1315 718 1393 755 qua
1419 706 1491 742 sol·
1510 714 1536 750 4

162 769 300 808 licitor.
359 772 419 808 Ita
444 772 566 809 multa
586 770 748 809 veniunt
770 770 809 808 in
838 779 1011 809 mentem
1037 770 1076 808 in
1101 778 1307 820 utramque
1329 778 1487 820 partem.

165 835 405 883 Proficiscor,
435 843 477 873 ut
511 836 800 882 constitueram,
834 837 982 886 legatus
1018 835 1056 873 in
1088 835 1320 874 Graeciam:
1359 835 1491 873 caedis

164 900 428 951 impendentis
456 900 671 950 periculum
701 914 781 938 non
807 900 905 938 nihil
926 901 1045 939 vitare
1075 901 1210 939 videor
1238 903 1308 939 sed
1332 913 1491 938 casurus

164 965 203 1003 in
230 966 401 1016 aliquam
421 965 749 1016 vituperationem
777 967 886 1015 quod
913 966 966 1004 rei
991 965 1172 1016 publicae
1199 965 1389 1004 defuerim
1411 972 1490 1003 tarn

163 1030 267 1080 gravi
288 1038 477 1081 tempore.
535 1030 603 1069 Sin
629 1038 760 1068 autem
789 1043 983 1072 mansero,
1003 1032 1084 1068 fore
1111 1044 1173 1068 me
1193 1029 1354 1079 quidem
1376 1029 1491 1068 video

165 1096 203 1133 in
243 1095 467 1133 discrimine
510 1096 576 1133 sed
626 1095 804 1133 accidere
845 1108 960 1145 posse
1007 1094 1185 1144 suspicor
1225 1102 1267 1132 ut
1305 1095 1492 1144 prodesse

127 1180 140 1210 g
164 1160 311 1211 possim
341 1160 394 1198 rei
424 1159 618 1210 publicae.
677 1160 763 1197 Iam
794 1159 858 1197 illa
887 1159 1050 1197 consilia
1079 1159 1228 1208 privata
1257 1167 1358 1204 sunt,
1382 1159 1491 1208 quod

163 1226 290 1263 sentio
322 1226 436 1264 valde
475 1238 560 1263 esse
598 1224 692 1262 utile
730 1225 781 1262 ad
814 1224 1155 1262 confirmationem
1189 1223 1391 1263 Ciceronis
1427 1237 1489 1261 me

163 1291 254 1328 illuc
274 1289 430 1337 venire3
458 1303 532 1328 nec
559 1289 633 1327 alia
660 1303 776 1327 causa
800 1289 1052 1339 profectionis
1080 1288 1175 1326 mihi
1202 1290 1279 1326 ulla
1306 1288 1376 1326 fuit
1406 1296 1489 1326 tum

162 1369 253 1392 cum
284 1354 491 1393 consilium
520 1354 605 1404 cepi
635 1354 753 1404 legari
782 1368 804 1392 a
829 1355 1009 1393 Caesare.
1066 1355 1169 1392 Tota
1196 1353 1309 1403 igitur
1339 1354 1412 1391 hac
1439 1354 1489 1392 de

162 1434 213 1467 re,
236 1427 278 1457 ut
298 1421 410 1466 soles,
434 1419 464 1457 si
485 1419 581 1469 quid
601 1420 652 1457 ad
674 1432 736 1457 me
756 1418 948 1469 pertinere
968 1427 1093 1468 putas,
1114 1418 1316 1468 cogitabis.

218 1487 357 1523 Redeo
400 1498 505 1522 nunc
545 1485 595 1522 ad
636 1484 843 1534 epistulam
885 1491 1003 1521 tuam.
1073 1483 1218 1521 Scribis
1257 1483 1363 1521 enim
1404 1493 1533 1531 esse5

163 1563 338 1588 rumores
360 1563 422 1587 me
442 1551 492 1588 ad
514 1551 641 1587 lacum
664 1550 773 1599 quod
794 1549 923 1586 habeo
943 1548 1204 1594 venditurum,
1229 1548 1489 1586 minusculam

162 1629 254 1653 vero
274 1615 404 1653 villam
434 1613 601 1667 [utique]
631 1614 782 1663 Quinto
810 1613 1042 1652 traditurum
1063 1615 1123 1652 vel
1146 1613 1325 1663 impenso
1352 1613 1488 1663 pretio,

163 1694 243 1730 quo
283 1680 565 1727 introducatur,
605 1688 646 1717 ut
687 1679 757 1717 tibi
801 1679 973 1728 Quintus
1021 1678 1122 1716 filius
1165 1678 1314 1725 dixerit,
1356 1680 1490 1716 dotata

164 1745 333 1795 Aquilia.
396 1748 480 1795 Ego
512 1759 603 1783 vero
637 1746 686 1783 de
717 1744 944 1783 venditione
982 1744 1079 1781 nihil
1118 1743 1248 1794 cogito
1287 1743 1360 1781 nisi
1394 1743 1490 1793 quid

107 1823 144 1855 25
165 1812 273 1861 quod
314 1811 436 1861 magis
477 1824 539 1849 me
577 1812 745 1849 delectet
785 1811 984 1848 invenero.
1054 1809 1227 1858 Quintus
1267 1817 1400 1847 autem
1441 1810 1490 1847 de

165 1879 336 1915 emendo
374 1876 470 1914 nihil
504 1884 612 1914 curat
644 1878 719 1914 hoc
757 1884 946 1925 tempore.
1014 1875 1114 1914 Satis
1150 1875 1254 1913 enim
1289 1882 1492 1924 torquetur

164 1941 366 1979 debitione
397 1941 500 1980 dotis
531 1941 571 1978 in
601 1955 678 1990 qua
716 1941 896 1979 mirificas
936 1942 987 1989 Q.
1019 1940 1187 1990 Egnatio
1221 1940 1360 1989 gratias
1389 1939 1492 1989 agit;

165 2020 187 2043 a
208 2007 391 2044 ducenda
414 2014 545 2043 autem
572 2019 690 2043 uxore
717 2005 772 2043 sic
798 2006 982 2043 abhorret
1004 2014 1045 2043 ut
1067 2005 1190 2043 libero
1211 2006 1356 2043 lectulo
1377 2011 1491 2054 neget

166 2084 251 2108 esse
272 2070 483 2120 quicquam
504 2070 725 2108 iucundius.
783 2071 859 2107 Sed
880 2071 977 2108 haec
999 2083 1158 2119 quoque
1179 2071 1379 2107 hactenus.
1512 2065 1539 2103 6

223 2136 362 2173 Redeo
379 2134 482 2172 enim
504 2136 554 2172 ad
576 2134 755 2172 miseram
777 2148 844 2172 seu
861 2136 1007 2172 nullam
1030 2134 1159 2183 potius
1182 2148 1261 2172 rem
1278 2133 1488 2183 publicam.

169 2201 226 2237 M.
261 2199 459 2237 Antonius
497 2200 547 2237 ad
587 2212 649 2236 me
687 2198 838 2248 scripsit
869 2200 919 2237 de
953 2198 1197 2236 restitutione
1231 2200 1318 2237 Sex.
1351 2197 1492 2245 Clodi,-

216 2314 228 2333 1
257 2301 293 2332 οὔ
309 2315 369 2339 τοι,
388 2301 502 2332 τέκνον
520 2301 607 2340 ἐμόν,
626 2301 765 2339 Homer,
783 2302 821 2332 Il.
843 2312 874 2332 v.
892 2303 956 2341 428
1091 2313 1128 2332 to
1154 2302 1190 2332 Si
1209 2306 1281 2331 ante
1298 2302 1493 2341 proficiscor

168 2346 283 2377 addere
299 2347 369 2376 vult
384 2345 468 2376 Reid
553 2345 750 2376 Graeciam?
775 2345 843 2376 edd.
857 2346 996 2385 plerique
1124 2356 1161 2385 13
1186 2345 1257 2375 fore
1282 2356 1334 2375 me
1355 2346 1491 2384 quidem

170 2384 237 2418 Z'b‘
263 2389 350 2420 Crat.
372 2400 400 2420 v.
421 2400 442 2420 c.
464 2389 490 2419 L
510 2397 651 2429 ‹nza723‘.)
670 2401 677 2420 :
701 2390 855 2428 equidem
875 2393 928 2420 ΣΔ
944 2388 1097 2419 Sclzmz'dl
1114 2406 1115 2412 κ
1130 2393 1201 2418 lmn
1219 2389 1422 2419 audicndmn
1441 2399 1492 2418 me

169 2434 239 2463 sore
257 2444 331 2464 cum
349 2433 380 2462 in
401 2433 608 2472 discrimine)
737 2443 778 2463 22
804 2434 917 2472 utique
937 2431 986 2461 M¹
1007 2432 1078 2472 <sed
1091 2432 1244 2472 deletum)
1265 2432 1330 2462 OR
1348 2444 1354 2463 :
1379 2443 1443 2462 om.
1467 2431 1496 2461 E
