1827 2798
137 102 242 140 XVI.
266 101 327 139 vii
651 102 704 138 M.
738 99 905 137 TVLLI
937 98 1244 137 CICERONIS

283 213 469 251 maximas
505 210 821 262 vituperationes,
849 223 984 256 unam,
1017 222 1136 259 quam
1168 208 1306 246 itinere
1337 206 1519 246 faciendo
1550 219 1613 244 me

282 278 557 327 intellegebam
606 275 814 325 suscipere,
865 273 1151 324 desperationis
1203 287 1248 311 ac
1300 272 1512 311 relictionis
1559 270 1613 310 rei

283 342 463 393 publicae
485 340 641 392 (flentes
667 354 823 378 mecum
844 342 961 389 vulgo
988 339 1253 389 querebantur
1279 337 1423 387 quibus
1453 338 1503 375 de
1524 349 1614 374 meo

281 406 396 445 celeri
418 406 545 444 reditu
567 419 647 444 non
676 404 923 455 probabam),
946 406 1122 450 alteram,
1143 405 1192 441 de
1213 416 1290 452 qua
1312 404 1455 440 Brutus
1482 409 1520 440 et
1547 401 1614 450 qui

282 485 360 509 una
401 478 510 509 erant
550 469 680 521 (multi
727 478 860 508 autem
906 468 1032 519 erant)
1077 468 1333 514 laetabantur,
1374 467 1482 516 quod
1528 479 1653 510 eam5

281 535 608 586 vituperationem
631 534 854 584 effugissem
878 548 941 572 me
962 532 1173 572 existimari
1193 533 1244 570 ad
1266 531 1460 581 Olympia.
1523 532 1615 568 Hoc
1799 532 1819 574 5⁴4?

281 614 372 639 vero
406 599 503 638 nihil
543 599 693 649 turpius
729 599 868 649 quovis
903 599 957 637 rei
993 598 1175 648 publicae
1214 604 1391 646 tempore
1430 597 1500 634 sed
1539 597 1616 634 hoc
1804 604 1815 643 3

281 667 574 718 ἀναπολόγητον.
627 667 713 715 Ego
733 678 825 703 vero
845 672 977 702 austro
996 662 1136 713 gratias
1159 662 1274 700 miras
1295 661 1361 711 qui
1384 675 1446 699 me
1466 674 1488 699 a
1509 668 1617 698 tanta

281 731 441 769 infamia
460 730 650 769 averterit.

235 798 263 835 6
338 796 589 836 Reversionis
622 797 692 835 has
722 795 920 846 speciosas
949 808 1086 833 causas
1115 794 1237 831 habes
1269 792 1389 830 iustas
1421 791 1504 830 illas
1536 790 1678 841 qui-10

281 864 373 901 dem
409 869 447 900 et
481 875 668 911 magnas3
706 862 776 899 sed
811 862 919 898 nulla
954 859 1090 897 iustior
1127 871 1245 908 quam
1282 858 1390 907 quod
1430 864 1470 894 tu
1510 856 1616 895 idem

281 927 364 965 aliis
396 927 541 973 litteris,
569 926 771 973 ‘Provide‚
794 926 825 964 si
853 925 916 964 cui
946 925 1042 975 quid
1065 925 1243 970 debetur,
1267 930 1309 960 ut
1336 922 1383 960 sit
1414 924 1520 960 unde
1549 935 1618 972 par

283 993 362 1043 pari
393 994 686 1042 respondeatur.
758 991 927 1029 Mirifica
956 990 1062 1029 enim
1100 989 1334 1041 δυσχρηστία
1368 995 1426 1025 est
1460 994 1618 1037 propter

285 1067 431 1096 metum
453 1059 676 1096 armorum.'
736 1059 783 1094 In
810 1058 909 1094 freto
930 1056 1063 1094 medio
1095 1057 1197 1093 hanc
1231 1053 1438 1104 epistulam
1466 1051 1552 1102 legi,
1575 1058 1617 1089 ut

283 1123 378 1174 quid
407 1136 564 1173 possem
592 1122 798 1172 providere
818 1122 857 1159 in
888 1129 1061 1160 mentem
1086 1120 1181 1158 mihi
1208 1133 1288 1158 non
1311 1117 1459 1156 veniret
1480 1116 1553 1155 nisi
1575 1123 1617 1154 ut
1640 1132 1676 1163 15

285 1202 467 1240 praesens
490 1202 552 1226 me
573 1187 656 1237 ipse
677 1188 942 1225 defenderem.
1004 1187 1082 1225 Sed
1105 1187 1202 1223 haec
1223 1186 1415 1222 hactenus
1430 1197 1439 1231 3
1469 1182 1617 1232 reliqua

284 1267 427 1292 coram.

243 1326 265 1364 7
340 1318 491 1356 Antoni
518 1318 692 1357 edictum
721 1317 795 1367 legi
821 1331 844 1355 a
869 1320 992 1355 Bruto
1022 1324 1059 1356 et
1091 1319 1232 1356 horum
1263 1325 1400 1356 contra
1430 1317 1617 1368 scriptum

286 1385 506 1433 praeclare5
544 1384 613 1421 sed
644 1383 739 1432 quid
773 1382 846 1420 ista
880 1382 1009 1420 edicta
1038 1384 1193 1420 valeant
1226 1390 1294 1421 aut
1328 1397 1409 1433 quo
1440 1390 1619 1433 spectent

285 1450 401 1498 plane
422 1462 502 1486 non
523 1448 650 1487 video.
712 1449 798 1486 Nec
818 1460 892 1497 ego
918 1461 1035 1494 nunc,
1058 1455 1100 1485 ut
1132 1450 1275 1486 Brutus
1297 1448 1494 1495 censebat,
1519 1448 1618 1486 istuc
1641 1459 1680 1481 20

284 1514 334 1551 ad
367 1527 447 1552 rem
480 1513 679 1563 publicam
719 1514 1004 1562 capessendam
1044 1513 1171 1552 venio.
1243 1514 1352 1564 Quid
1392 1514 1496 1552 enim
1538 1512 1619 1551 fieri

286 1581 444 1629 potest?
501 1581 608 1617 Num
640 1578 727 1629 quis
760 1578 893 1616 Pisoni
922 1586 981 1617 est
1011 1580 1233 1617 adsensus?
1267 1594 1362 1618 num
1392 1579 1506 1618 rediit
1536 1579 1619 1630 ipse

1803 646 1808 656 ⁶
1800 575 1813 602 ι’,-

287 1644 503 1694 postridie?
560 1646 637 1683 Sed
683 1646 821 1684 abesse
860 1646 962 1683 hanc
1009 1653 1178 1684 aetatem
1224 1648 1341 1696 longe
1378 1660 1401 1684 a
1439 1648 1619 1696 sepulcro

288 1717 431 1759 negant
461 1717 650 1760 oportere.

245 1778 269 1816 8
342 1776 419 1814 Sed
441 1776 608 1814 obsecro
629 1783 680 1819 te,
702 1777 797 1826 quid
826 1786 884 1816 est
906 1780 1015 1829 quod
1036 1779 1168 1817 audivi
1196 1780 1246 1817 de
1268 1781 1421 1817 Bruto?
1479 1778 1618 1817 Piliam
1641 1790 1680 1822 25

287 1841 524 1891 πειράζεσθαι
543 1844 754 1891 παραλύσει
775 1851 813 1882 te
834 1845 1034 1895 scripsisse
1054 1845 1194 1883 aiebat.
1255 1846 1383 1883 Valde
1408 1858 1494 1882 sum
1517 1859 1621 1883 com-

289 1914 428 1944 motus.
477 1906 560 1944 Etsi
575 1906 680 1945 idem
696 1914 733 1946 te
749 1908 917 1948 scribere
931 1923 1087 1959 sperare
1102 1909 1251 1947 melius.
1301 1911 1361 1947 Ita
1374 1911 1490 1959 plane
1504 1910 1620 1948 velim

287 1979 324 2010 et
346 1972 381 2009 ei
396 1970 504 2010 dicas
532 1972 741 2021 plurimam
765 1976 929 2012 salutem
951 1983 989 2013 et
1011 1974 1265 2013 suavissimae
1279 1974 1444 2013 Atticae.
1507 1977 1621 2014 Haec

287 2036 421 2086 scripsi
436 2036 622 2087 navigans
640 2051 730 2076 cum
738 2045 862 2089 prope
874 2039 1161 2089 Pompeianum
1175 2041 1405 2078 accederem
1420 2052 1514 2078 X1111
1531 2042 1618 2079 Kal.
1823 2050 1825 2064 ¹

332 2152 351 2171 2
376 2142 620 2181 intellegebant
654 2143 823 2175 Turnebus
913 2145 1099 2175 relictionis
1116 2143 1321 2175 Beroaldus:
1346 2145 1527 2183 relegionis
1550 2143 1620 2174 Ml:

294 2187 486 2216 reiectionis
506 2186 581 2217 Vz'ct.
718 2197 738 2226 3
764 2188 899 2229 flentes]
929 2193 1050 2219 euntes
1076 2199 1104 2220 v.
1116 2199 1138 2218 c.
1165 2187 1241 2218 Vz'ct.
1380 2198 1419 2217 10
1450 2188 1622 2227 speciosas

289 2229 347 2260 dal.
372 2229 523 2260 Ernesti:
550 2231 750 2269 praecipuas
775 2231 950 2262 Lehmann
1087 2241 1124 2269 15
1150 2236 1184 2262 ut
1211 2230 1344 2262 ZORP
1361 2242 1389 2262 v.
1405 2242 1427 2262 c.
1448 2242 1455 2261 :
1479 2232 1568 2270 quod
1586 2230 1626 2260 M

294 2274 330 2302 16
348 2274 532 2303 defendere
544 2274 663 2303 vellem
681 2274 772 2313 (cum
784 2277 892 2314 quod)
911 2275 997 2306 Reid
1106 2276 1145 2305 18
1169 2287 1186 2306 a
1200 2275 1305 2305 Bruto
1317 2275 1404 2315 vulg.
1418 2286 1424 2305 :
1446 2275 1486 2305 ab
1499 2280 1573 2305 utro
1585 2274 1627 2304 M
1822 2283 1824 2298 1

288 2320 359 2355 post
377 2316 482 2346 Bruto
501 2317 693 2347 addendum
713 2318 839 2348 videtur
852 2325 886 2349 et
903 2320 1023 2350 Cassio
1043 2319 1182 2349 missurn
1200 2318 1251 2349 vel
1262 2318 1367 2349 simile
1383 2318 1464 2358 quid
1581 2320 1623 2348 28

291 2366 323 2433 {t
341 2360 370 2389 ei
384 2360 514 2432 {instet-2
542 2366 575 2391 et
594 2359 655 2391 M:
681 2362 711 2391 ei
733 2361 923 2403 Wesenberg
1013 2373 1055 2402 29
1079 2373 1186 2403 prope
1205 2361 1342 2392 Mtiller:
1367 2372 1432 2393 orn.
1451 2361 1537 2392 codd.
1556 2373 1563 2392 ε
1589 2362 1622 2391 in

309 2413 394 2434 ‘arra
420 2414 459 2433 us
