<?xml version="1.0" encoding="UTF-8"?>
<!DOCTYPE html PUBLIC "-//W3C//DTD XHTML 1.0 Transitional//EN"
    "http://www.w3.org/TR/xhtml1/DTD/xhtml1-transitional.dtd">
<html xmlns="http://www.w3.org/1999/xhtml" xml:lang="en" lang="en">
 <head>
  <title>
</title>
<meta http-equiv="Content-Type" content="text/html;charset=utf-8" />
  <meta name='ocr-system' content='tesseract 3.04.00' />
  <meta name='ocr-capabilities' content='ocr_page ocr_carea ocr_par ocr_line ocrx_word'/>
</head>
<body>
  <div class='ocr_page' id='page_1' title='image "./epistulaerecogno0202ciceuoft_0095.png"; bbox 0 0 1827 2798; ppageno 0'>
   <div class='ocr_carea' id='block_1_1' title="bbox 119 875 156 896">
    <p class='ocr_par' dir='ltr' id='par_1_1' title="bbox 119 875 156 896">
     <span class='ocr_line' id='line_1_1' title="bbox 119 875 156 896; baseline 0 0"><span class='ocrx_word' id='word_1_1' title='bbox 119 875 156 896; x_wconf 86' lang='lat'>10</span> 
     </span>
    </p>
   </div>
   <div class='ocr_carea' id='block_1_2' title="bbox 116 1633 155 1655">
    <p class='ocr_par' dir='ltr' id='par_1_2' title="bbox 116 1633 155 1655">
     <span class='ocr_line' id='line_1_2' title="bbox 116 1633 155 1655; baseline -0.026 0"><span class='ocrx_word' id='word_1_2' title='bbox 116 1633 155 1655; x_wconf 91' lang='lat'>20</span> 
     </span>
    </p>
   </div>
   <div class='ocr_carea' id='block_1_3' title="bbox 582 163 1607 205">
    <p class='ocr_par' dir='ltr' id='par_1_3' title="bbox 582 163 1607 205">
     <span class='ocr_line' id='line_1_3' title="bbox 582 163 1607 205; baseline -0.004 -2"><span class='ocrx_word' id='word_1_3' title='bbox 582 166 695 203; x_wconf 82' lang='lat' dir='ltr'>EPP.</span> <span class='ocrx_word' id='word_1_4' title='bbox 728 166 805 203; x_wconf 84' lang='lat' dir='ltr'>AD</span> <span class='ocrx_word' id='word_1_5' title='bbox 834 165 1093 205; x_wconf 90' lang='lat' dir='ltr'>ATTICVM</span> <span class='ocrx_word' id='word_1_6' title='bbox 1455 164 1526 201; x_wconf 82' lang='lat' dir='ltr'>XI.</span> <span class='ocrx_word' id='word_1_7' title='bbox 1562 163 1607 198; x_wconf 90' lang='lat' dir='ltr'>vi</span> 
     </span>
    </p>
   </div>
   <div class='ocr_carea' id='block_1_4' title="bbox 176 275 1545 1028">
    <p class='ocr_par' dir='ltr' id='par_1_4' title="bbox 177 275 1503 586">
     <span class='ocr_line' id='line_1_4' title="bbox 177 275 1502 316; baseline -0.002 -2"><span class='ocrx_word' id='word_1_8' title='bbox 177 290 270 315; x_wconf 84' lang='lat' dir='ltr'>vero</span> <span class='ocrx_word' id='word_1_9' title='bbox 299 277 490 315; x_wconf 82' lang='lat' dir='ltr'><strong>Lentulus</strong></span> <span class='ocrx_word' id='word_1_10' title='bbox 522 277 711 315; x_wconf 77' lang='lat' dir='ltr'>Hortensi</span> <span class='ocrx_word' id='word_1_11' title='bbox 741 278 904 315; x_wconf 90' lang='lat' dir='ltr'>domum</span> <span class='ocrx_word' id='word_1_12' title='bbox 933 276 1006 315; x_wconf 84' lang='lat' dir='ltr'>sibi</span> <span class='ocrx_word' id='word_1_13' title='bbox 1034 284 1071 314; x_wconf 88' lang='lat' dir='ltr'>et</span> <span class='ocrx_word' id='word_1_14' title='bbox 1100 275 1276 316; x_wconf 77' lang='lat' dir='ltr'>Caesaris</span> <span class='ocrx_word' id='word_1_15' title='bbox 1307 276 1440 313; x_wconf 90' lang='lat' dir='ltr'>hortos</span> <span class='ocrx_word' id='word_1_16' title='bbox 1465 282 1502 312; x_wconf 92' lang='lat' dir='ltr'>et</span> 
     </span>
     <span class='ocr_line' id='line_1_5' title="bbox 180 340 1502 391; baseline -0.001 -13"><span class='ocrx_word' id='word_1_17' title='bbox 180 341 293 379; x_wconf 87' lang='lat' dir='ltr'>Baias</span> <span class='ocrx_word' id='word_1_18' title='bbox 328 343 602 391; x_wconf 79' lang='lat' dir='ltr'>desponderat.</span> <span class='ocrx_word' id='word_1_19' title='bbox 662 342 838 380; x_wconf 84' lang='lat' dir='ltr'>Omnino</span> <span class='ocrx_word' id='word_1_20' title='bbox 872 343 969 380; x_wconf 85' lang='lat' dir='ltr'>haec</span> <span class='ocrx_word' id='word_1_21' title='bbox 1003 343 1144 379; x_wconf 88' lang='lat' dir='ltr'>eodem</span> <span class='ocrx_word' id='word_1_22' title='bbox 1185 341 1306 379; x_wconf 89' lang='lat' dir='ltr'>modo</span> <span class='ocrx_word' id='word_1_23' title='bbox 1345 353 1391 378; x_wconf 87' lang='lat' dir='ltr'>ex</span> <span class='ocrx_word' id='word_1_24' title='bbox 1429 340 1502 377; x_wconf 89' lang='lat' dir='ltr'>hac</span> 
     </span>
     <span class='ocr_line' id='line_1_6' title="bbox 178 404 1502 460; baseline -0.001 -17"><span class='ocrx_word' id='word_1_25' title='bbox 178 414 286 456; x_wconf 85' lang='lat' dir='ltr'>parte</span> <span class='ocrx_word' id='word_1_26' title='bbox 317 407 425 453; x_wconf 87' lang='lat' dir='ltr'>fiunt,</span> <span class='ocrx_word' id='word_1_27' title='bbox 459 406 533 444; x_wconf 89' lang='lat' dir='ltr'>nisi</span> <span class='ocrx_word' id='word_1_28' title='bbox 563 408 671 456; x_wconf 90' lang='lat' dir='ltr'>quod</span> <span class='ocrx_word' id='word_1_29' title='bbox 703 407 799 460; x_wconf 86' lang='lat' dir='ltr'>illud</span> <span class='ocrx_word' id='word_1_30' title='bbox 833 414 913 444; x_wconf 89' lang='lat' dir='ltr'>erat</span> <span class='ocrx_word' id='word_1_31' title='bbox 947 406 1154 444; x_wconf 81' lang='lat' dir='ltr'>infinitum.</span> <span class='ocrx_word' id='word_1_32' title='bbox 1215 406 1365 444; x_wconf 89' lang='lat' dir='ltr'>Omnes</span> <span class='ocrx_word' id='word_1_33' title='bbox 1397 404 1502 443; x_wconf 90' lang='lat' dir='ltr'>enim</span> 
     </span>
     <span class='ocr_line' id='line_1_7' title="bbox 177 470 1503 520; baseline 0 -12"><span class='ocrx_word' id='word_1_34' title='bbox 177 471 244 520; x_wconf 83' lang='lat' dir='ltr'>qui</span> <span class='ocrx_word' id='word_1_35' title='bbox 274 471 313 509; x_wconf 91' lang='lat' dir='ltr'>in</span> <span class='ocrx_word' id='word_1_36' title='bbox 343 471 456 510; x_wconf 89' lang='lat' dir='ltr'>Italia</span> <span class='ocrx_word' id='word_1_37' title='bbox 486 480 708 510; x_wconf 81' lang='lat' dir='ltr'>manserant</span> <span class='ocrx_word' id='word_1_38' title='bbox 729 471 901 509; x_wconf 86' lang='lat' dir='ltr'>hostium</span> <span class='ocrx_word' id='word_1_39' title='bbox 923 484 1087 509; x_wconf 90' lang='lat' dir='ltr'>numero</span> <span class='ocrx_word' id='word_1_40' title='bbox 1108 470 1365 508; x_wconf 78' lang='lat' dir='ltr'>habebantur.</span> <span class='ocrx_word' id='word_1_41' title='bbox 1425 471 1503 508; x_wconf 82' lang='lat' dir='ltr'>Sed</span> 
     </span>
     <span class='ocr_line' id='line_1_8' title="bbox 177 535 1015 586; baseline 0.002 -14"><span class='ocrx_word' id='word_1_42' title='bbox 177 536 291 573; x_wconf 87' lang='lat' dir='ltr'>velim</span> <span class='ocrx_word' id='word_1_43' title='bbox 314 537 411 574; x_wconf 85' lang='lat' dir='ltr'>haec</span> <span class='ocrx_word' id='word_1_44' title='bbox 431 536 645 586; x_wconf 84' lang='lat' dir='ltr'>aliquando</span> <span class='ocrx_word' id='word_1_45' title='bbox 666 535 852 574; x_wconf 89' lang='lat' dir='ltr'>solutiore</span> <span class='ocrx_word' id='word_1_46' title='bbox 871 535 1015 574; x_wconf 88' lang='lat' dir='ltr'>animo.</span> 
     </span>
    </p>

    <p class='ocr_par' dir='ltr' id='par_1_5' title="bbox 176 599 1545 1028">
     <span class='ocr_line' id='line_1_9' title="bbox 231 599 1545 650; baseline -0.001 -12"><span class='ocrx_word' id='word_1_47' title='bbox 231 600 425 649; x_wconf 83' lang='lat' dir='ltr'>Quintum</span> <span class='ocrx_word' id='word_1_48' title='bbox 457 602 612 639; x_wconf 89' lang='lat' dir='ltr'>fratrem</span> <span class='ocrx_word' id='word_1_49' title='bbox 646 600 765 638; x_wconf 86' lang='lat' dir='ltr'>audio</span> <span class='ocrx_word' id='word_1_50' title='bbox 796 601 1014 650; x_wconf 87' lang='lat' dir='ltr'>profectum</span> <span class='ocrx_word' id='word_1_51' title='bbox 1050 599 1088 637; x_wconf 87' lang='lat' dir='ltr'>in</span> <span class='ocrx_word' id='word_1_52' title='bbox 1124 599 1259 638; x_wconf 83' lang='lat' dir='ltr'>Asiam</span> <span class='ocrx_word' id='word_1_53' title='bbox 1293 607 1336 637; x_wconf 91' lang='lat' dir='ltr'>ut</span> <span class='ocrx_word' id='word_1_54' title='bbox 1369 601 1502 649; x_wconf 88' lang='lat' dir='ltr'>depre—</span> <span class='ocrx_word' id='word_1_55' title='bbox 1522 610 1545 648; x_wconf 93' lang='lat'>7</span> 
     </span>
     <span class='ocr_line' id='line_1_10' title="bbox 176 663 1503 713; baseline -0.001 -11"><span class='ocrx_word' id='word_1_56' title='bbox 176 672 337 703; x_wconf 86' lang='lat' dir='ltr'>caretur.</span> <span class='ocrx_word' id='word_1_57' title='bbox 399 667 460 703; x_wconf 89' lang='lat' dir='ltr'>De</span> <span class='ocrx_word' id='word_1_58' title='bbox 499 664 579 703; x_wconf 89' lang='lat' dir='ltr'>filio</span> <span class='ocrx_word' id='word_1_59' title='bbox 613 664 710 702; x_wconf 87' lang='lat' dir='ltr'>nihil</span> <span class='ocrx_word' id='word_1_60' title='bbox 743 663 874 702; x_wconf 82' lang='lat' dir='ltr'>audivi</span> <span class='ocrx_word' id='word_1_61' title='bbox 893 678 903 711; x_wconf 77' lang='lat'>3</span> <span class='ocrx_word' id='word_1_62' title='bbox 950 665 1020 702; x_wconf 90' lang='lat' dir='ltr'>sed</span> <span class='ocrx_word' id='word_1_63' title='bbox 1051 677 1194 713; x_wconf 89' lang='lat' dir='ltr'>quaere</span> <span class='ocrx_word' id='word_1_64' title='bbox 1226 678 1272 702; x_wconf 86' lang='lat' dir='ltr'>ex</span> <span class='ocrx_word' id='word_1_65' title='bbox 1306 663 1503 702; x_wconf 81' lang='lat' dir='ltr'>Diochare</span> 
     </span>
     <span class='ocr_line' id='line_1_11' title="bbox 178 728 1504 778; baseline -0.002 -11"><span class='ocrx_word' id='word_1_66' title='bbox 178 729 354 768; x_wconf 85' lang='lat' dir='ltr'>Caesaris</span> <span class='ocrx_word' id='word_1_67' title='bbox 384 729 524 767; x_wconf 89' lang='lat' dir='ltr'>liberto</span> <span class='ocrx_word' id='word_1_68' title='bbox 553 742 671 778; x_wconf 90' lang='lat' dir='ltr'>quern</span> <span class='ocrx_word' id='word_1_69' title='bbox 701 742 775 778; x_wconf 85' lang='lat' dir='ltr'>ego</span> <span class='ocrx_word' id='word_1_70' title='bbox 808 742 889 766; x_wconf 91' lang='lat' dir='ltr'>non</span> <span class='ocrx_word' id='word_1_71' title='bbox 918 728 1009 775; x_wconf 84' lang='lat' dir='ltr'>vidi,</span> <span class='ocrx_word' id='word_1_72' title='bbox 1038 728 1104 778; x_wconf 90' lang='lat' dir='ltr'>qui</span> <span class='ocrx_word' id='word_1_73' title='bbox 1135 728 1226 766; x_wconf 88' lang='lat' dir='ltr'>istas</span> <span class='ocrx_word' id='word_1_74' title='bbox 1256 729 1504 766; x_wconf 84' lang='lat' dir='ltr'>Alexandrea</span> 
     </span>
     <span class='ocr_line' id='line_1_12' title="bbox 177 792 1501 842; baseline -0.002 -10"><span class='ocrx_word' id='word_1_75' title='bbox 177 794 321 832; x_wconf 87' lang='lat' dir='ltr'>litteras</span> <span class='ocrx_word' id='word_1_76' title='bbox 350 794 488 832; x_wconf 88' lang='lat' dir='ltr'>attulit.</span> <span class='ocrx_word' id='word_1_77' title='bbox 549 795 588 832; x_wconf 89' lang='lat' dir='ltr'>Is</span> <span class='ocrx_word' id='word_1_78' title='bbox 609 794 752 832; x_wconf 92' lang='lat' dir='ltr'>dicitur</span> <span class='ocrx_word' id='word_1_79' title='bbox 771 793 913 832; x_wconf 81' lang='lat' dir='ltr'>vidisse</span> <span class='ocrx_word' id='word_1_80' title='bbox 936 793 1130 842; x_wconf 89' lang='lat' dir='ltr'>Quintum</span> <span class='ocrx_word' id='word_1_81' title='bbox 1158 801 1317 831; x_wconf 86' lang='lat' dir='ltr'>euntem</span> <span class='ocrx_word' id='word_1_82' title='bbox 1344 807 1394 830; x_wconf 93' lang='lat' dir='ltr'>an</span> <span class='ocrx_word' id='word_1_83' title='bbox 1425 792 1501 830; x_wconf 90' lang='lat' dir='ltr'>iam</span> 
     </span>
     <span class='ocr_line' id='line_1_13' title="bbox 177 859 1503 908; baseline -0.002 -11"><span class='ocrx_word' id='word_1_84' title='bbox 177 860 216 897; x_wconf 88' lang='lat' dir='ltr'>in</span> <span class='ocrx_word' id='word_1_85' title='bbox 246 859 350 897; x_wconf 90' lang='lat' dir='ltr'>Asia.</span> <span class='ocrx_word' id='word_1_86' title='bbox 410 861 516 897; x_wconf 90' lang='lat' dir='ltr'>Tuas</span> <span class='ocrx_word' id='word_1_87' title='bbox 546 859 690 898; x_wconf 87' lang='lat' dir='ltr'>litteras</span> <span class='ocrx_word' id='word_1_88' title='bbox 718 867 833 908; x_wconf 89' lang='lat' dir='ltr'>prout</span> <span class='ocrx_word' id='word_1_89' title='bbox 857 873 916 897; x_wconf 91' lang='lat' dir='ltr'>res</span> <span class='ocrx_word' id='word_1_90' title='bbox 937 860 1108 908; x_wconf 90' lang='lat' dir='ltr'>postulat</span> <span class='ocrx_word' id='word_1_91' title='bbox 1138 866 1332 908; x_wconf 80' lang='lat' dir='ltr'>exspecto.</span> <span class='ocrx_word' id='word_1_92' title='bbox 1393 859 1503 906; x_wconf 87' lang='lat' dir='ltr'>Quas</span> 
     </span>
     <span class='ocr_line' id='line_1_14' title="bbox 176 923 1500 975; baseline -0.002 -13"><span class='ocrx_word' id='word_1_93' title='bbox 176 924 292 962; x_wconf 83' lang='lat' dir='ltr'>velim</span> <span class='ocrx_word' id='word_1_94' title='bbox 327 937 438 962; x_wconf 87' lang='lat' dir='ltr'>cures</span> <span class='ocrx_word' id='word_1_95' title='bbox 472 937 590 974; x_wconf 85' lang='lat' dir='ltr'>quarn</span> <span class='ocrx_word' id='word_1_96' title='bbox 630 923 799 975; x_wconf 89' lang='lat' dir='ltr'>primum</span> <span class='ocrx_word' id='word_1_97' title='bbox 837 924 888 962; x_wconf 91' lang='lat' dir='ltr'>ad</span> <span class='ocrx_word' id='word_1_98' title='bbox 928 937 990 961; x_wconf 92' lang='lat' dir='ltr'>me</span> <span class='ocrx_word' id='word_1_99' title='bbox 1029 924 1289 973; x_wconf 87' lang='lat' dir='ltr'>perferendas.</span> <span class='ocrx_word' id='word_1_100' title='bbox 1350 934 1412 961; x_wconf 91' lang='lat'>1111</span> <span class='ocrx_word' id='word_1_101' title='bbox 1450 924 1500 960; x_wconf 80' lang='lat' dir='ltr'>K.</span> 
     </span>
     <span class='ocr_line' id='line_1_15' title="bbox 178 989 387 1028; baseline 0 -1"><span class='ocrx_word' id='word_1_102' title='bbox 178 989 387 1028; x_wconf 88' lang='lat' dir='ltr'>Decembr.</span> 
     </span>
    </p>
   </div>
   <div class='ocr_carea' id='block_1_5' title="bbox 216 1130 1216 1247">
    <p class='ocr_par' dir='ltr' id='par_1_6' title="bbox 216 1130 1216 1247">
     <span class='ocr_line' id='line_1_16' title="bbox 216 1130 1216 1173; baseline -0.002 -8"><span class='ocrx_word' id='word_1_103' title='bbox 216 1130 308 1166; x_wconf 87' lang='lat' dir='ltr'>VII</span> <span class='ocrx_word' id='word_1_104' title='bbox 471 1133 539 1165; x_wconf 79' lang='lat' dir='ltr'>Ser.</span> <span class='ocrx_word' id='word_1_105' title='bbox 560 1132 725 1164; x_wconf 80' lang='lat' dir='ltr'>Brundisi</span> <span class='ocrx_word' id='word_1_106' title='bbox 736 1132 792 1163; x_wconf 76' lang='lat' dir='ltr'>xiv</span> <span class='ocrx_word' id='word_1_107' title='bbox 806 1131 883 1163; x_wconf 83' lang='lat' dir='ltr'>Kal.</span> <span class='ocrx_word' id='word_1_108' title='bbox 903 1131 976 1163; x_wconf 82' lang='lat' dir='ltr'>Ian.</span> <span class='ocrx_word' id='word_1_109' title='bbox 996 1142 1027 1163; x_wconf 83' lang='lat' dir='ltr'>a.</span> <span class='ocrx_word' id='word_1_110' title='bbox 1050 1132 1111 1171; x_wconf 86' lang='lat'>706</span> <span class='ocrx_word' id='word_1_111' title='bbox 1129 1130 1216 1173; x_wconf 79' lang='lat'>(48).</span> 
     </span>
     <span class='ocr_line' id='line_1_17' title="bbox 593 1214 1085 1247; baseline -0.004 0"><span class='ocrx_word' id='word_1_112' title='bbox 593 1215 767 1247; x_wconf 81' lang='lat' dir='ltr'>CICERO</span> <span class='ocrx_word' id='word_1_113' title='bbox 791 1214 961 1246; x_wconf 82' lang='lat' dir='ltr'>ATTICO</span> <span class='ocrx_word' id='word_1_114' title='bbox 988 1214 1085 1245; x_wconf 81' lang='lat' dir='ltr'>SAL.</span> 
     </span>
    </p>
   </div>
   <div class='ocr_carea' id='block_1_6' title="bbox 173 1285 1536 1730">
    <p class='ocr_par' dir='ltr' id='par_1_7' title="bbox 173 1285 1536 1730">
     <span class='ocr_line' id='line_1_18' title="bbox 230 1285 1536 1337; baseline -0.004 -9"><span class='ocrx_word' id='word_1_115' title='bbox 230 1291 374 1329; x_wconf 88' lang='lat' dir='ltr'>Gratae</span> <span class='ocrx_word' id='word_1_116' title='bbox 403 1297 493 1328; x_wconf 91' lang='lat' dir='ltr'>tuae</span> <span class='ocrx_word' id='word_1_117' title='bbox 523 1288 619 1326; x_wconf 85' lang='lat' dir='ltr'>mihi</span> <span class='ocrx_word' id='word_1_118' title='bbox 650 1288 798 1326; x_wconf 84' lang='lat' dir='ltr'>litterae</span> <span class='ocrx_word' id='word_1_119' title='bbox 827 1295 926 1334; x_wconf 86' lang='lat' dir='ltr'>sunt,</span> <span class='ocrx_word' id='word_1_120' title='bbox 960 1286 1103 1337; x_wconf 88' lang='lat' dir='ltr'>quibus</span> <span class='ocrx_word' id='word_1_121' title='bbox 1132 1294 1313 1325; x_wconf 85' lang='lat' dir='ltr'>accurate</span> <span class='ocrx_word' id='word_1_122' title='bbox 1342 1285 1499 1336; x_wconf 90' lang='lat' dir='ltr'>perscri-</span> <span class='ocrx_word' id='word_1_123' title='bbox 1521 1295 1536 1321; x_wconf 96' lang='lat'>1</span> 
     </span>
     <span class='ocr_line' id='line_1_19' title="bbox 175 1351 1496 1405; baseline -0.005 -12"><span class='ocrx_word' id='word_1_124' title='bbox 175 1354 283 1405; x_wconf 87' lang='lat' dir='ltr'>psisti</span> <span class='ocrx_word' id='word_1_125' title='bbox 305 1353 438 1392; x_wconf 85' lang='lat' dir='ltr'>onmia</span> <span class='ocrx_word' id='word_1_126' title='bbox 460 1367 560 1403; x_wconf 79' lang='lat' dir='ltr'>quae</span> <span class='ocrx_word' id='word_1_127' title='bbox 584 1354 635 1391; x_wconf 89' lang='lat' dir='ltr'>ad</span> <span class='ocrx_word' id='word_1_128' title='bbox 656 1366 719 1390; x_wconf 91' lang='lat' dir='ltr'>me</span> <span class='ocrx_word' id='word_1_129' title='bbox 740 1352 933 1402; x_wconf 87' lang='lat' dir='ltr'>pertinere</span> <span class='ocrx_word' id='word_1_130' title='bbox 953 1351 1161 1389; x_wconf 87' lang='lat' dir='ltr'>arbitratus</span> <span class='ocrx_word' id='word_1_131' title='bbox 1182 1364 1233 1389; x_wconf 91' lang='lat' dir='ltr'>es.</span> <span class='ocrx_word' id='word_1_132' title='bbox 1280 1352 1331 1388; x_wconf 91' lang='lat' dir='ltr'>Et</span> <span class='ocrx_word' id='word_1_133' title='bbox 1352 1352 1496 1388; x_wconf 87' lang='lat' dir='ltr'>factum</span> 
     </span>
     <span class='ocr_line' id='line_1_20' title="bbox 174 1415 1499 1470; baseline -0.005 -12"><span class='ocrx_word' id='word_1_134' title='bbox 174 1420 288 1470; x_wconf 84' lang='lat' dir='ltr'>igitur</span> <span class='ocrx_word' id='word_1_135' title='bbox 314 1428 355 1458; x_wconf 90' lang='lat' dir='ltr'>tu</span> <span class='ocrx_word' id='word_1_136' title='bbox 383 1418 518 1457; x_wconf 89' lang='lat' dir='ltr'>scribis</span> <span class='ocrx_word' id='word_1_137' title='bbox 538 1418 620 1456; x_wconf 91' lang='lat' dir='ltr'>istis</span> <span class='ocrx_word' id='word_1_138' title='bbox 641 1419 794 1468; x_wconf 89' lang='lat' dir='ltr'>placere</span> <span class='ocrx_word' id='word_1_139' title='bbox 820 1423 856 1454; x_wconf 82' lang='lat' dir='ltr'>et</span> <span class='ocrx_word' id='word_1_140' title='bbox 872 1419 1023 1467; x_wconf 77' lang='lat' dir='ltr'>placere</span> <span class='ocrx_word' id='word_1_141' title='bbox 1049 1416 1174 1454; x_wconf 87' lang='lat' dir='ltr'>isdem</span> <span class='ocrx_word' id='word_1_142' title='bbox 1195 1415 1277 1454; x_wconf 86' lang='lat' dir='ltr'>istis</span> <span class='ocrx_word' id='word_1_143' title='bbox 1298 1415 1499 1453; x_wconf 80' lang='lat' dir='ltr'>lictoribus</span> 
     </span>
     <span class='ocr_line' id='line_1_21' title="bbox 175 1481 1500 1534; baseline -0.005 -11"><span class='ocrx_word' id='word_1_144' title='bbox 175 1499 237 1523; x_wconf 88' lang='lat' dir='ltr'>me</span> <span class='ocrx_word' id='word_1_145' title='bbox 258 1484 324 1532; x_wconf 79' lang='lat' dir='ltr'>uti,</span> <span class='ocrx_word' id='word_1_146' title='bbox 347 1485 455 1534; x_wconf 82' lang='lat' dir='ltr'>quod</span> <span class='ocrx_word' id='word_1_147' title='bbox 477 1496 709 1522; x_wconf 89' lang='lat' dir='ltr'>concessum</span> <span class='ocrx_word' id='word_1_148' title='bbox 741 1482 867 1520; x_wconf 88' lang='lat' dir='ltr'>Sestio</span> <span class='ocrx_word' id='word_1_149' title='bbox 894 1481 966 1528; x_wconf 77' lang='lat' dir='ltr'>sit3</span> <span class='ocrx_word' id='word_1_150' title='bbox 996 1481 1058 1519; x_wconf 92' lang='lat' dir='ltr'>cui</span> <span class='ocrx_word' id='word_1_151' title='bbox 1085 1494 1165 1519; x_wconf 91' lang='lat' dir='ltr'>non</span> <span class='ocrx_word' id='word_1_152' title='bbox 1186 1488 1282 1531; x_wconf 89' lang='lat' dir='ltr'>puto</span> <span class='ocrx_word' id='word_1_153' title='bbox 1303 1493 1394 1518; x_wconf 91' lang='lat' dir='ltr'>suos</span> <span class='ocrx_word' id='word_1_154' title='bbox 1415 1493 1500 1518; x_wconf 85' lang='lat' dir='ltr'>esse</span> 
     </span>
     <span class='ocr_line' id='line_1_22' title="bbox 174 1546 1500 1598; baseline -0.005 -10"><span class='ocrx_word' id='word_1_155' title='bbox 174 1564 384 1589; x_wconf 87' lang='lat' dir='ltr'>concessos</span> <span class='ocrx_word' id='word_1_156' title='bbox 405 1551 475 1588; x_wconf 89' lang='lat' dir='ltr'>sed</span> <span class='ocrx_word' id='word_1_157' title='bbox 495 1550 546 1587; x_wconf 90' lang='lat' dir='ltr'>ab</span> <span class='ocrx_word' id='word_1_158' title='bbox 567 1548 653 1598; x_wconf 89' lang='lat' dir='ltr'>ipso</span> <span class='ocrx_word' id='word_1_159' title='bbox 674 1549 798 1585; x_wconf 90' lang='lat' dir='ltr'>datos.</span> <span class='ocrx_word' id='word_1_160' title='bbox 870 1546 1004 1584; x_wconf 91' lang='lat' dir='ltr'>Audio</span> <span class='ocrx_word' id='word_1_161' title='bbox 1025 1546 1129 1584; x_wconf 88' lang='lat' dir='ltr'>enim</span> <span class='ocrx_word' id='word_1_162' title='bbox 1157 1559 1248 1584; x_wconf 88' lang='lat' dir='ltr'>eum</span> <span class='ocrx_word' id='word_1_163' title='bbox 1270 1559 1315 1584; x_wconf 92' lang='lat' dir='ltr'>ea</span> <span class='ocrx_word' id='word_1_164' title='bbox 1342 1553 1500 1584; x_wconf 83' lang='lat' dir='ltr'>senatus</span> 
     </span>
     <span class='ocr_line' id='line_1_23' title="bbox 174 1610 1499 1665; baseline -0.005 -12"><span class='ocrx_word' id='word_1_165' title='bbox 174 1617 354 1654; x_wconf 88' lang='lat' dir='ltr'>consulta</span> <span class='ocrx_word' id='word_1_166' title='bbox 385 1614 606 1665; x_wconf 89' lang='lat' dir='ltr'>improbare</span> <span class='ocrx_word' id='word_1_167' title='bbox 638 1626 739 1662; x_wconf 86' lang='lat' dir='ltr'>quae</span> <span class='ocrx_word' id='word_1_168' title='bbox 763 1620 851 1662; x_wconf 90' lang='lat' dir='ltr'>post</span> <span class='ocrx_word' id='word_1_169' title='bbox 878 1611 1095 1649; x_wconf 87' lang='lat' dir='ltr'>discessum</span> <span class='ocrx_word' id='word_1_170' title='bbox 1124 1610 1368 1648; x_wconf 91' lang='lat' dir='ltr'>tribunorum</span> <span class='ocrx_word' id='word_1_171' title='bbox 1400 1611 1499 1647; x_wconf 85' lang='lat' dir='ltr'>sacta</span> 
     </span>
     <span class='ocr_line' id='line_1_24' title="bbox 173 1675 1500 1730; baseline -0.005 -12"><span class='ocrx_word' id='word_1_172' title='bbox 173 1688 274 1718; x_wconf 91' lang='lat' dir='ltr'>sunt.</span> <span class='ocrx_word' id='word_1_173' title='bbox 336 1681 426 1729; x_wconf 83' lang='lat' dir='ltr'>Qua</span> <span class='ocrx_word' id='word_1_174' title='bbox 446 1693 485 1718; x_wconf 92' lang='lat' dir='ltr'>re</span> <span class='ocrx_word' id='word_1_175' title='bbox 506 1678 657 1730; x_wconf 91' lang='lat' dir='ltr'>poterit,</span> <span class='ocrx_word' id='word_1_176' title='bbox 682 1678 712 1716; x_wconf 89' lang='lat' dir='ltr'>si</span> <span class='ocrx_word' id='word_1_177' title='bbox 740 1679 843 1716; x_wconf 92' lang='lat' dir='ltr'>volet</span> <span class='ocrx_word' id='word_1_178' title='bbox 864 1676 938 1714; x_wconf 88' lang='lat' dir='ltr'>sibi</span> <span class='ocrx_word' id='word_1_179' title='bbox 959 1684 1147 1723; x_wconf 84' lang='lat' dir='ltr'>constare,</span> <span class='ocrx_word' id='word_1_180' title='bbox 1172 1682 1324 1713; x_wconf 88' lang='lat' dir='ltr'>nostros</span> <span class='ocrx_word' id='word_1_181' title='bbox 1345 1675 1500 1713; x_wconf 85' lang='lat' dir='ltr'>lictores</span> 
     </span>
    </p>
   </div>
   <div class='ocr_carea' id='block_1_7' title="bbox 173 1746 1540 1913">
    <p class='ocr_par' dir='ltr' id='par_1_8' title="bbox 173 1746 1540 1913">
     <span class='ocr_line' id='line_1_25' title="bbox 173 1746 441 1795; baseline -0.004 -11"><span class='ocrx_word' id='word_1_182' title='bbox 173 1746 441 1795; x_wconf 86' lang='lat' dir='ltr'>comprobare.</span> 
     </span>
     <span class='ocr_line' id='line_1_26' title="bbox 228 1804 1540 1860; baseline -0.006 -11"><span class='ocrx_word' id='word_1_183' title='bbox 228 1812 481 1860; x_wconf 84' lang='lat' dir='ltr'>Quamquam</span> <span class='ocrx_word' id='word_1_184' title='bbox 512 1810 607 1860; x_wconf 80' lang='lat' dir='ltr'>quid</span> <span class='ocrx_word' id='word_1_185' title='bbox 639 1823 711 1859; x_wconf 85' lang='lat' dir='ltr'>ego</span> <span class='ocrx_word' id='word_1_186' title='bbox 743 1810 793 1847; x_wconf 91' lang='lat' dir='ltr'>de</span> <span class='ocrx_word' id='word_1_187' title='bbox 821 1805 1023 1845; x_wconf 88' lang='lat' dir='ltr'>lictoribus</span> <span class='ocrx_word' id='word_1_188' title='bbox 1052 1805 1119 1855; x_wconf 89' lang='lat' dir='ltr'>qui</span> <span class='ocrx_word' id='word_1_189' title='bbox 1148 1818 1274 1855; x_wconf 89' lang='lat' dir='ltr'>paene</span> <span class='ocrx_word' id='word_1_190' title='bbox 1308 1818 1354 1842; x_wconf 81' lang='lat' dir='ltr'>ex</span> <span class='ocrx_word' id='word_1_191' title='bbox 1385 1804 1495 1842; x_wconf 85' lang='lat' dir='ltr'>Italia</span> <span class='ocrx_word' id='word_1_192' title='bbox 1517 1814 1540 1840; x_wconf 88' lang='lat'>2</span> 
     </span>
     <span class='ocr_line' id='line_1_27' title="bbox 174 1869 1498 1913; baseline -0.007 1"><span class='ocrx_word' id='word_1_193' title='bbox 174 1876 365 1913; x_wconf 88' lang='lat' dir='ltr'>decedere</span> <span class='ocrx_word' id='word_1_194' title='bbox 395 1876 468 1913; x_wconf 91' lang='lat' dir='ltr'>sim</span> <span class='ocrx_word' id='word_1_195' title='bbox 500 1875 655 1913; x_wconf 87' lang='lat' dir='ltr'>iussus?</span> <span class='ocrx_word' id='word_1_196' title='bbox 711 1875 815 1911; x_wconf 89' lang='lat' dir='ltr'>Nam</span> <span class='ocrx_word' id='word_1_197' title='bbox 845 1874 896 1910; x_wconf 86' lang='lat' dir='ltr'>ad</span> <span class='ocrx_word' id='word_1_198' title='bbox 927 1884 989 1909; x_wconf 90' lang='lat' dir='ltr'>me</span> <span class='ocrx_word' id='word_1_199' title='bbox 1019 1869 1123 1907; x_wconf 85' lang='lat' dir='ltr'>misit</span> <span class='ocrx_word' id='word_1_200' title='bbox 1144 1869 1341 1907; x_wconf 91' lang='lat' dir='ltr'>Antonius</span> <span class='ocrx_word' id='word_1_201' title='bbox 1373 1883 1498 1907; x_wconf 82' lang='lat' dir='ltr'>exem-</span> 
     </span>
    </p>
   </div>
   <div class='ocr_carea' id='block_1_8' title="bbox 175 1934 1499 2045">
    <p class='ocr_par' dir='ltr' id='par_1_9' title="bbox 175 1934 1499 2045">
     <span class='ocr_line' id='line_1_28' title="bbox 175 1934 1498 1989; baseline -0.005 -12"><span class='ocrx_word' id='word_1_202' title='bbox 175 1942 283 1989; x_wconf 87' lang='lat' dir='ltr'>plum</span> <span class='ocrx_word' id='word_1_203' title='bbox 313 1940 490 1979; x_wconf 87' lang='lat' dir='ltr'>Caesaris</span> <span class='ocrx_word' id='word_1_204' title='bbox 523 1941 574 1978; x_wconf 90' lang='lat' dir='ltr'>ad</span> <span class='ocrx_word' id='word_1_205' title='bbox 606 1953 646 1978; x_wconf 91' lang='lat' dir='ltr'>se</span> <span class='ocrx_word' id='word_1_206' title='bbox 675 1939 887 1976; x_wconf 88' lang='lat' dir='ltr'>litterarum</span> <span class='ocrx_word' id='word_1_207' title='bbox 921 1936 960 1974; x_wconf 92' lang='lat' dir='ltr'>in</span> <span class='ocrx_word' id='word_1_208' title='bbox 991 1935 1134 1985; x_wconf 83' lang='lat' dir='ltr'>quibus</span> <span class='ocrx_word' id='word_1_209' title='bbox 1164 1943 1244 1973; x_wconf 87' lang='lat' dir='ltr'>erat</span> <span class='ocrx_word' id='word_1_210' title='bbox 1273 1948 1314 1972; x_wconf 92' lang='lat' dir='ltr'>se</span> <span class='ocrx_word' id='word_1_211' title='bbox 1343 1934 1498 1972; x_wconf 81' lang='lat' dir='ltr'>audisse</span> 
     </span>
     <span class='ocr_line' id='line_1_29' title="bbox 175 2000 1499 2045; baseline -0.007 0"><span class='ocrx_word' id='word_1_212' title='bbox 175 2007 369 2045; x_wconf 85' lang='lat' dir='ltr'>Catonern</span> <span class='ocrx_word' id='word_1_213' title='bbox 407 2014 445 2044; x_wconf 89' lang='lat' dir='ltr'>et</span> <span class='ocrx_word' id='word_1_214' title='bbox 484 2007 526 2044; x_wconf 94' lang='lat' dir='ltr'>L.</span> <span class='ocrx_word' id='word_1_215' title='bbox 561 2007 767 2044; x_wconf 88' lang='lat' dir='ltr'>Metellum</span> <span class='ocrx_word' id='word_1_216' title='bbox 806 2004 845 2041; x_wconf 91' lang='lat' dir='ltr'>in</span> <span class='ocrx_word' id='word_1_217' title='bbox 886 2002 1039 2041; x_wconf 84' lang='lat' dir='ltr'>Italiam</span> <span class='ocrx_word' id='word_1_218' title='bbox 1074 2000 1226 2039; x_wconf 82' lang='lat' dir='ltr'>venisse</span> <span class='ocrx_word' id='word_1_219' title='bbox 1266 2002 1418 2037; x_wconf 88' lang='lat' dir='ltr'>Romae</span> <span class='ocrx_word' id='word_1_220' title='bbox 1458 2007 1499 2037; x_wconf 88' lang='lat' dir='ltr'>ut</span> 
     </span>
    </p>
   </div>
   <div class='ocr_carea' id='block_1_9' title="bbox 173 2102 1499 2453">
    <p class='ocr_par' dir='ltr' id='par_1_10' title="bbox 173 2102 1499 2453">
     <span class='ocr_line' id='line_1_30' title="bbox 219 2102 1499 2147; baseline -0.008 -7"><span class='ocrx_word' id='word_1_221' title='bbox 219 2121 238 2147; x_wconf 89' lang='lat'><strong>4</strong></span> <span class='ocrx_word' id='word_1_222' title='bbox 263 2110 411 2139; x_wconf 86' lang='lat' dir='ltr'>hostiurn</span> <span class='ocrx_word' id='word_1_223' title='bbox 430 2109 462 2139; x_wconf 89' lang='lat' dir='ltr'>in</span> <span class='ocrx_word' id='word_1_224' title='bbox 481 2119 619 2139; x_wconf 84' lang='lat' dir='ltr'>numero</span> <span class='ocrx_word' id='word_1_225' title='bbox 636 2108 757 2145; x_wconf 73' lang='lat' dir='ltr'>Baiter,</span> <span class='ocrx_word' id='word_1_226' title='bbox 772 2106 830 2137; x_wconf 75' lang='lat' dir='ltr'>scd</span> <span class='ocrx_word' id='word_1_227' title='bbox 842 2107 877 2146; x_wconf 84' lang='lat' dir='ltr'>cs</span> <span class='ocrx_word' id='word_1_228' title='bbox 896 2106 992 2136; x_wconf 81' lang='lat' dir='ltr'>Fam.</span> <span class='ocrx_word' id='word_1_229' title='bbox 1008 2116 1038 2135; x_wconf 69' lang='lat' dir='ltr'>X.</span> <span class='ocrx_word' id='word_1_230' title='bbox 1055 2115 1106 2143; x_wconf 85' lang='lat'>31.</span> <span class='ocrx_word' id='word_1_231' title='bbox 1118 2105 1139 2134; x_wconf 92' lang='lat'><strong>6</strong></span> <span class='ocrx_word' id='word_1_232' title='bbox 1242 2104 1261 2132; x_wconf 91' lang='lat'>8</span> <span class='ocrx_word' id='word_1_233' title='bbox 1285 2102 1499 2132; x_wconf 83' lang='lat' dir='ltr'>Alexandrea</span> 
     </span>
     <span class='ocr_line' id='line_1_31' title="bbox 175 2139 1496 2188; baseline -0.007 -5"><span class='ocrx_word' id='word_1_234' title='bbox 175 2153 275 2183; x_wconf 80' lang='lat' dir='ltr'>Boot:</span> <span class='ocrx_word' id='word_1_235' title='bbox 310 2153 423 2182; x_wconf 85' lang='lat' dir='ltr'>-dreas</span> <span class='ocrx_word' id='word_1_236' title='bbox 454 2152 608 2182; x_wconf 80' lang='lat' dir='ltr'><em>ORPM:</em></span> <span class='ocrx_word' id='word_1_237' title='bbox 645 2151 773 2181; x_wconf 82' lang='lat' dir='ltr'>-drinas</span> <span class='ocrx_word' id='word_1_238' title='bbox 796 2161 813 2180; x_wconf 84' lang='lat' dir='ltr'>s</span> <span class='ocrx_word' id='word_1_239' title='bbox 930 2160 951 2187; x_wconf 90' lang='lat'>9</span> <span class='ocrx_word' id='word_1_240' title='bbox 975 2147 1154 2188; x_wconf 84' lang='lat' dir='ltr'>Quintum]</span> <span class='ocrx_word' id='word_1_241' title='bbox 1180 2146 1220 2185; x_wconf 85' lang='lat' dir='ltr'>Q.</span> <span class='ocrx_word' id='word_1_242' title='bbox 1241 2156 1269 2177; x_wconf 78' lang='lat' dir='ltr'>v.</span> <span class='ocrx_word' id='word_1_243' title='bbox 1284 2156 1308 2176; x_wconf 87' lang='lat' dir='ltr'>c.</span> <span class='ocrx_word' id='word_1_244' title='bbox 1327 2139 1371 2174; x_wconf 71' lang='lat' dir='ltr'>Zb</span> <span class='ocrx_word' id='word_1_245' title='bbox 1389 2145 1496 2175; x_wconf 83' lang='lat' dir='ltr'>Crat.:</span> 
     </span>
     <span class='ocr_line' id='line_1_32' title="bbox 174 2190 1495 2234; baseline -0.005 -10"><span class='ocrx_word' id='word_1_246' title='bbox 174 2207 239 2227; x_wconf 75' lang='lat' dir='ltr'>orn.</span> <span class='ocrx_word' id='word_1_247' title='bbox 253 2196 341 2226; x_wconf 84' lang='lat' dir='ltr'>codd.</span> <span class='ocrx_word' id='word_1_248' title='bbox 396 2206 437 2226; x_wconf 88' lang='lat' dir='ltr'>an</span> <span class='ocrx_word' id='word_1_249' title='bbox 453 2195 553 2232; x_wconf 60' lang='lat' dir='ltr'>codd„</span> <span class='ocrx_word' id='word_1_250' title='bbox 569 2196 605 2233; x_wconf 60' lang='lat' dir='ltr'>&lt;fi</span> <span class='ocrx_word' id='word_1_251' title='bbox 619 2194 759 2234; x_wconf 63' lang='lat' dir='ltr'>flladvzg</span> <span class='ocrx_word' id='word_1_252' title='bbox 772 2193 819 2224; x_wconf 84' lang='lat' dir='ltr'>ad</span> <span class='ocrx_word' id='word_1_253' title='bbox 831 2193 902 2223; x_wconf 73' lang='lat' dir='ltr'>Fin.</span> <span class='ocrx_word' id='word_1_254' title='bbox 919 2193 952 2223; x_wconf 84' lang='lat' dir='ltr'>ii.</span> <span class='ocrx_word' id='word_1_255' title='bbox 969 2202 1046 2230; x_wconf 83' lang='lat'>104:</span> <span class='ocrx_word' id='word_1_256' title='bbox 1070 2201 1136 2222; x_wconf 79' lang='lat' dir='ltr'>om.</span> <span class='ocrx_word' id='word_1_257' title='bbox 1151 2191 1237 2229; x_wconf 76' lang='lat' dir='ltr'>vulg.</span> <span class='ocrx_word' id='word_1_258' title='bbox 1333 2190 1380 2223; x_wconf 78' lang='lat'>16,</span> <span class='ocrx_word' id='word_1_259' title='bbox 1399 2198 1435 2226; x_wconf 92' lang='lat'>17</span> <span class='ocrx_word' id='word_1_260' title='bbox 1449 2198 1495 2220; x_wconf 87' lang='lat' dir='ltr'>es.</span> 
     </span>
     <span class='ocr_line' id='line_1_33' title="bbox 176 2232 1496 2277; baseline -0.008 -7"><span class='ocrx_word' id='word_1_261' title='bbox 176 2239 217 2270; x_wconf 84' lang='lat' dir='ltr'>Et</span> <span class='ocrx_word' id='word_1_262' title='bbox 241 2239 363 2270; x_wconf 85' lang='lat' dir='ltr'>sactum</span> <span class='ocrx_word' id='word_1_263' title='bbox 392 2240 443 2277; x_wconf 61' lang='lat' dir='ltr'>(cfi</span> <span class='ocrx_word' id='word_1_264' title='bbox 466 2240 497 2269; x_wconf 88' lang='lat'>6.</span> <span class='ocrx_word' id='word_1_265' title='bbox 521 2240 558 2277; x_wconf 78' lang='grc'>3)</span> <span class='ocrx_word' id='word_1_266' title='bbox 583 2238 684 2276; x_wconf 79' lang='lat' dir='ltr'>igitur</span> <span class='ocrx_word' id='word_1_267' title='bbox 709 2242 742 2267; x_wconf 84' lang='lat' dir='ltr'>tu</span> <span class='ocrx_word' id='word_1_268' title='bbox 767 2236 888 2267; x_wconf 85' lang='lat' dir='ltr'>scribis</span> <span class='ocrx_word' id='word_1_269' title='bbox 913 2235 984 2266; x_wconf 85' lang='lat' dir='ltr'>istis</span> <span class='ocrx_word' id='word_1_270' title='bbox 1011 2235 1143 2274; x_wconf 85' lang='lat' dir='ltr'>placere</span> <span class='ocrx_word' id='word_1_271' title='bbox 1168 2239 1202 2264; x_wconf 86' lang='lat' dir='ltr'>et</span> <span class='ocrx_word' id='word_1_272' title='bbox 1229 2233 1363 2272; x_wconf 87' lang='lat' dir='ltr'>placere</span> <span class='ocrx_word' id='word_1_273' title='bbox 1392 2232 1496 2261; x_wconf 86' lang='lat' dir='ltr'>isdem</span> 
     </span>
     <span class='ocr_line' id='line_1_34' title="bbox 174 2274 1499 2322; baseline -0.007 -9"><span class='ocrx_word' id='word_1_274' title='bbox 174 2284 246 2314; x_wconf 89' lang='lat' dir='ltr'>istis</span> <span class='ocrx_word' id='word_1_275' title='bbox 262 2283 453 2322; x_wconf 76' lang='lat' dir='ltr'>Stcrnkops:</span> <span class='ocrx_word' id='word_1_276' title='bbox 482 2287 533 2312; x_wconf 85' lang='lat' dir='ltr'>est</span> <span class='ocrx_word' id='word_1_277' title='bbox 549 2292 588 2311; x_wconf 85' lang='lat' dir='ltr'>ea</span> <span class='ocrx_word' id='word_1_278' title='bbox 607 2282 726 2311; x_wconf 83' lang='lat' dir='ltr'>sactum</span> <span class='ocrx_word' id='word_1_279' title='bbox 746 2281 846 2319; x_wconf 85' lang='lat' dir='ltr'>igitur</span> <span class='ocrx_word' id='word_1_280' title='bbox 864 2284 898 2309; x_wconf 87' lang='lat' dir='ltr'>ut</span> <span class='ocrx_word' id='word_1_281' title='bbox 916 2279 1033 2309; x_wconf 80' lang='lat' dir='ltr'>scribis</span> <span class='ocrx_word' id='word_1_282' title='bbox 1058 2278 1130 2308; x_wconf 85' lang='lat' dir='ltr'>istis</span> <span class='ocrx_word' id='word_1_283' title='bbox 1146 2279 1281 2317; x_wconf 81' lang='lat' dir='ltr'>placere</span> <span class='ocrx_word' id='word_1_284' title='bbox 1301 2276 1407 2306; x_wconf 86' lang='lat' dir='ltr'>isdem</span> <span class='ocrx_word' id='word_1_285' title='bbox 1426 2274 1499 2305; x_wconf 89' lang='lat' dir='ltr'>istis</span> 
     </span>
     <span class='ocr_line' id='line_1_35' title="bbox 173 2319 1498 2363; baseline -0.007 -6"><span class='ocrx_word' id='word_1_286' title='bbox 173 2326 277 2357; x_wconf 83' lang='lat' dir='ltr'>codd.:</span> <span class='ocrx_word' id='word_1_287' title='bbox 303 2337 339 2356; x_wconf 90' lang='lat' dir='ltr'>es</span> <span class='ocrx_word' id='word_1_288' title='bbox 399 2325 556 2356; x_wconf 88' lang='lat' dir='ltr'>Facetum</span> <span class='ocrx_word' id='word_1_289' title='bbox 579 2329 630 2355; x_wconf 84' lang='lat' dir='ltr'>est</span> <span class='ocrx_word' id='word_1_290' title='bbox 653 2324 754 2363; x_wconf 85' lang='lat' dir='ltr'>igitur</span> <span class='ocrx_word' id='word_1_291' title='bbox 777 2328 811 2353; x_wconf 89' lang='lat' dir='ltr'>ut</span> <span class='ocrx_word' id='word_1_292' title='bbox 828 2323 945 2353; x_wconf 87' lang='lat' dir='ltr'>scribis</span> <span class='ocrx_word' id='word_1_293' title='bbox 969 2322 1040 2351; x_wconf 89' lang='lat' dir='ltr'>istis</span> <span class='ocrx_word' id='word_1_294' title='bbox 1062 2322 1198 2360; x_wconf 88' lang='lat' dir='ltr'>placere</span> <span class='ocrx_word' id='word_1_295' title='bbox 1221 2321 1297 2351; x_wconf 86' lang='lat' dir='ltr'>coni.</span> <span class='ocrx_word' id='word_1_296' title='bbox 1319 2319 1421 2349; x_wconf 84' lang='lat' dir='ltr'>Boot:</span> <span class='ocrx_word' id='word_1_297' title='bbox 1451 2328 1498 2348; x_wconf 86' lang='lat' dir='ltr'>es.</span> 
     </span>
     <span class='ocr_line' id='line_1_36' title="bbox 177 2362 1499 2407; baseline -0.006 -7"><span class='ocrx_word' id='word_1_298' title='bbox 177 2370 311 2400; x_wconf 80' lang='lat' dir='ltr'>Factum</span> <span class='ocrx_word' id='word_1_299' title='bbox 337 2369 441 2407; x_wconf 84' lang='lat' dir='ltr'>igitur</span> <span class='ocrx_word' id='word_1_300' title='bbox 465 2374 614 2399; x_wconf 86' lang='lat' dir='ltr'>nostrum</span> <span class='ocrx_word' id='word_1_301' title='bbox 642 2372 693 2398; x_wconf 79' lang='lat' dir='ltr'>(sc.</span> <span class='ocrx_word' id='word_1_302' title='bbox 717 2366 855 2397; x_wconf 74' lang='lat' dir='ltr'>reditum</span> <span class='ocrx_word' id='word_1_303' title='bbox 880 2366 913 2395; x_wconf 80' lang='lat' dir='ltr'>in</span> <span class='ocrx_word' id='word_1_304' title='bbox 937 2365 1089 2403; x_wconf 78' lang='lat' dir='ltr'>Italiam)</span> <span class='ocrx_word' id='word_1_305' title='bbox 1115 2364 1233 2394; x_wconf 87' lang='lat' dir='ltr'>scribis</span> <span class='ocrx_word' id='word_1_306' title='bbox 1257 2364 1329 2393; x_wconf 87' lang='lat' dir='ltr'>istis</span> <span class='ocrx_word' id='word_1_307' title='bbox 1354 2362 1499 2402; x_wconf 86' lang='lat' dir='ltr'>placere,</span> 
     </span>
     <span class='ocr_line' id='line_1_37' title="bbox 175 2406 1337 2453; baseline -0.007 -9"><span class='ocrx_word' id='word_1_308' title='bbox 175 2414 292 2444; x_wconf 88' lang='lat' dir='ltr'>iisdem</span> <span class='ocrx_word' id='word_1_309' title='bbox 310 2413 382 2443; x_wconf 86' lang='lat' dir='ltr'>istis</span> <span class='ocrx_word' id='word_1_310' title='bbox 399 2413 455 2453; x_wconf 77' lang='lat' dir='ltr'>(sc.</span> <span class='ocrx_word' id='word_1_311' title='bbox 471 2412 611 2453; x_wconf 74' lang='lat' dir='ltr'>placere)</span> <span class='ocrx_word' id='word_1_312' title='bbox 627 2409 796 2441; x_wconf 82' lang='lat' dir='ltr'>Schmidt:</span> <span class='ocrx_word' id='word_1_313' title='bbox 815 2415 877 2450; x_wconf 74' lang='lat' dir='ltr'>pro</span> <span class='ocrx_word' id='word_1_314' title='bbox 893 2409 1017 2440; x_wconf 86' lang='lat' dir='ltr'>sactum</span> <span class='ocrx_word' id='word_1_315' title='bbox 1035 2408 1112 2439; x_wconf 84' lang='lat' dir='ltr'>coni.</span> <span class='ocrx_word' id='word_1_316' title='bbox 1132 2407 1234 2438; x_wconf 86' lang='lat' dir='ltr'>sctum</span> <span class='ocrx_word' id='word_1_317' title='bbox 1252 2406 1337 2437; x_wconf 82' lang='lat' dir='ltr'>Reid</span> 
     </span>
    </p>
   </div>
  </div>
 </body>
</html>
