1827 2798
170 102 281 140 XVI.
303 102 380 140 xvi
396 114 422 140 A
690 101 746 139 M,
777 101 947 149 TVLLI
977 100 1284 139 CICERONIS

965 231 1013 267 A.

675 316 745 349 Ser.
763 316 797 347 in
818 316 1004 348 Tusculano
1020 316 1129 347 eodem
1146 320 1291 357 tempore.

448 393 491 426 M.
528 393 704 425 CICERO
739 394 774 425 L.
810 394 1001 424 PLANCO
1035 393 1201 424 PRAFT.
1236 392 1383 425 DESIG.
1420 392 1517 425 SAL.

273 485 297 523 3
371 472 492 510 Attici
522 472 643 511 nostri
673 480 711 511 te
736 473 851 510 valde
881 471 1102 510 studiosum
1132 485 1217 510 esse
1246 471 1423 522 cognovi,
1453 470 1531 510 mei
1557 485 1649 510 vero

316 535 370 574 ita
390 536 579 587 cupidum
601 544 643 575 ut
665 551 727 575 me
748 538 906 575 hercule
932 550 1081 586 paucos
1107 550 1233 586 aeque
1262 536 1504 575 observantis
1531 544 1649 587 atque
1670 554 1687 584 5

313 601 481 639 amantis
503 615 566 640 me
587 603 731 640 habere
751 601 981 640 existimem.
1023 602 1088 639 Ad
1104 609 1284 651 paternas
1305 601 1409 640 enim
1432 615 1592 651 magnas
1613 610 1650 640 et

314 674 463 705 veteres
488 674 526 704 et
546 666 666 704 iustas
693 666 1004 705 necessitudines
1032 680 1214 716 magnam
1234 666 1363 704 attulit
1382 666 1649 705 accessionem

316 739 382 769 tua
403 733 583 770 voluntas
605 745 694 781 erga
715 745 778 770 me
799 745 965 781 meaque
987 745 1076 781 erga
1097 739 1134 769 te
1154 744 1223 780 par
1241 738 1360 780 atque
1381 738 1526 768 mutua.

270 803 296 840 4
371 796 577 835 Buthrotia
597 796 668 835 tibi
694 810 812 835 causa
831 796 965 846 ignota
991 810 1072 835 non
1099 804 1167 834 est.
1229 795 1301 845 Egi
1327 795 1432 834 enim
1460 809 1576 846 saepe
1599 798 1650 834 de

315 875 361 899 ea
388 875 427 899 re
455 869 585 900 tecum
614 861 764 912 tibique
791 869 914 900 totam
942 875 1023 900 rem
1045 860 1322 907 demonstravi,
1354 874 1455 910 quae
1485 868 1542 898 est
1562 868 1649 898 acta
1673 877 1711 899 ιο

315 927 390 964 hoc
430 929 561 965 modo.
625 929 679 965 Vt
717 927 886 978 primum
928 926 1179 964 Buthrotium
1219 939 1353 975 agrum
1388 924 1648 975 proscriptum

313 991 495 1038 vidimus,
518 999 742 1030 commotus
758 992 914 1031 Atticus
934 992 1109 1030 libellum
1133 990 1367 1040 composuit.
1429 992 1532 1028 Eum
1554 990 1649 1028 mihi

314 1057 423 1094 dedit
453 1065 494 1095 ut
524 1059 658 1095 darem
689 1058 871 1106 Caesarij
909 1071 1014 1095 eram
1044 1056 1148 1095 enim
1182 1063 1389 1094 cenaturus
1422 1056 1529 1105 apud
1558 1068 1649 1093 eum

314 1120 381 1159 illo
416 1121 490 1159 die.
556 1123 657 1159 Eum
691 1122 867 1160 libellum
900 1121 1057 1161 Caesari
1092 1120 1195 1159 dedi.
1258 1119 1441 1158 Probavit
1476 1132 1645 1166 causam,

314 1185 510 1236 rescripsit
534 1186 668 1224 Attico
697 1200 823 1236 acqua
852 1200 942 1225 eum
973 1188 1180 1236 postulare,
1206 1185 1414 1223 admonuit
1444 1192 1575 1222 tamen
1607 1192 1648 1222 ut
1672 1197 1707 1229 ¹5

272 1263 296 1301 5
316 1250 525 1299 pecuniam
556 1251 745 1301 reliquam
774 1251 969 1290 Buthrotii
998 1252 1049 1289 ad
1078 1251 1184 1289 diem
1214 1252 1419 1288 solverent.
1494 1250 1648 1288 Atticus

313 1315 380 1364 qui
408 1315 605 1354 civitatem
634 1324 901 1354 conservatam
930 1324 1089 1366 cuperet
1119 1316 1327 1365 pecuniam
1355 1316 1572 1354 numeravit
1599 1317 1649 1354 de

313 1394 395 1419 suo.
457 1382 579 1430 Quod
603 1394 693 1419 cum
720 1388 821 1419 esset
842 1382 1002 1429 factum,
1023 1380 1192 1419 adiimus
1217 1382 1268 1419 ad
1292 1382 1512 1428 Caesarem,
1530 1381 1649 1419 verba

311 1445 476 1483 fecimus
498 1459 568 1495 pro
586 1445 810 1492 Buthrotiis,
830 1445 1145 1484 liberalissimum
1167 1447 1369 1484 decretum
1390 1446 1623 1484 abstulimus
1641 1466 1648 1498 ;

312 1511 420 1559 quod
442 1519 499 1548 est
516 1510 766 1560 obsignatum
787 1511 837 1548 ab
857 1510 1107 1560 amplissimis
1125 1511 1224 1549 viris.
1272 1514 1385 1561 Quae
1405 1525 1495 1549 cum
1517 1518 1647 1549 essent
1669 1523 1707 1545 20

311 1582 407 1622 acta,
451 1575 577 1613 mirari
621 1575 806 1624 equidem
850 1576 1027 1614 solebam
1065 1576 1145 1626 pati
1185 1579 1393 1616 Caesarem
1437 1576 1647 1615 convenire

311 1653 379 1678 eos
407 1639 473 1689 qui
499 1653 634 1689 agrum
664 1639 914 1678 Buthrotium
945 1641 1235 1691 concupissent,
1260 1656 1388 1691 neque
1413 1643 1539 1679 solum
1567 1641 1647 1691 pati

311 1705 381 1741 sed
408 1703 524 1742 etiam
553 1703 587 1742 ei
615 1704 774 1753 negotio
802 1711 839 1742 te
866 1706 1087 1753 praeficere.
1150 1708 1289 1755 Itaque
1313 1714 1351 1744 et
1372 1719 1444 1755 ego
1469 1719 1559 1743 cum
1580 1706 1647 1744 illo

310 1770 465 1806 locutus
496 1782 581 1805 sum
613 1776 651 1806 et
681 1768 834 1818 saepius
866 1770 1038 1819 quidem,
1069 1778 1111 1809 ut
1140 1771 1257 1809 etiam
1287 1785 1490 1809 accusarer
1518 1772 1568 1809 ab
1598 1784 1646 1809 eo

311 1833 419 1881 quod
450 1846 587 1881 parum
617 1833 861 1872 constantiae
893 1849 985 1873 suae
1016 1837 1267 1882 confiderem,
1291 1843 1328 1873 et
1356 1837 1410 1873 M.
1436 1837 1646 1874 Messallae
1667 1847 1703 1879 25

310 1904 348 1935 et
369 1897 441 1947 ipsi
463 1897 596 1936 Attico
617 1898 713 1936 dixit
734 1906 776 1936 ut
799 1899 882 1938 sine
905 1914 997 1938 cura
1021 1908 1150 1938 essent
1177 1909 1389 1951 aperteque
1410 1901 1645 1938 ostendebat

309 1975 350 2000 se
371 1962 633 2012 praesentium
658 1963 812 2002 animos
835 1964 932 2015 (erat
953 1965 1058 2003 enim
1079 1966 1287 2015 popularis,
1312 1974 1353 2003 ut
1374 1964 1505 2015 noras)
1527 1966 1645 2003 ofsen-

308 2028 402 2066 dere
422 2029 551 2075 nolle3
580 2042 671 2066 cum
696 2036 828 2067 autem
852 2043 957 2068 mare
978 2029 1218 2077 transissent,
1239 2038 1463 2068 curaturum
1484 2044 1525 2068 se
1546 2038 1587 2067 ut
1605 2029 1643 2067 in

261 2095 289 2132 6
307 2091 427 2130 alium
448 2106 584 2142 agrum
602 2094 900 2132 deducerentur.
959 2097 1072 2133 Haec
1093 2095 1160 2133 illo
1180 2095 1277 2133 vivo.
1334 2097 1427 2134 Post
1443 2094 1641 2132 interitum

306 2164 437 2195 autem
462 2157 651 2205 Caesaris,
676 2166 717 2196 ut
738 2158 906 2209 primurn
936 2174 982 2198 ex
1009 2168 1166 2198 senatus
1193 2161 1374 2198 consulto
1395 2173 1531 2198 causas
1552 2173 1642 2197 con-
1662 2169 1701 2200 30

306 2223 408 2259 sules
440 2235 678 2271 cognoscere
717 2222 981 2272 instituerunt>
1013 2225 1110 2262 haec
1145 2238 1245 2274 quae
1276 2238 1392 2275 supra
1422 2224 1557 2274 scripsi
1590 2225 1640 2263 ad

347 2334 367 2363 3
393 2325 427 2356 L.
450 2324 505 2356 M:
531 2326 604 2357 CN.
628 2326 720 2358 Man.
836 2338 867 2367 9,
891 2338 930 2357 10
955 2329 997 2358 de
1019 2339 1058 2358 ea
1079 2339 1115 2358 re
1132 2328 1247 2359 codices
1262 2328 1360 2360 Bosi:
1391 2328 1433 2359 de
1456 2338 1495 2358 ea
1517 2338 1545 2360 v.
1565 2339 1588 2359 c.
1610 2327 1639 2358 L

307 2369 469 2409 (marg.):
495 2379 561 2400 om.
585 2372 639 2400 ΣΔ
773 2372 814 2401 28
838 2375 951 2402 autern
969 2372 1028 2402 M:
1062 2382 1126 2403 om.
1151 2375 1221 2403 velt.
