1827 2798
593 174 705 211 EPP.
737 174 815 210 AD
843 172 1104 212 ATTICVM
1132 218 1135 220 v
1406 173 1501 210 XII.
1525 171 1665 208 xxxiv

189 282 318 330 facias,
342 290 380 321 et
400 282 568 321 maxime
589 283 699 321 cuius
726 283 801 321 loci
828 283 1111 322 detractionem
1132 282 1213 321 fieri
1233 282 1334 321 velit.
1394 283 1516 330 Quod

189 347 295 386 enim
325 347 461 385 scribis
483 348 691 394 ‘extremi,’
711 348 801 386 vide
825 362 874 386 ne
901 348 932 386 is
959 348 1042 398 ipse
1069 349 1178 386 locus
1200 347 1247 385 sit
1267 345 1377 386 cuius
1398 360 1516 386 causa

189 414 240 451 de
261 420 342 450 tota
362 426 415 460 re,
436 421 478 450 ut
505 413 590 459 scis,
613 421 671 451 est
697 427 720 451 a
747 413 861 451 nobis
887 413 1111 463 cogitatum.
1172 412 1278 451 Hirti
1307 412 1515 463 epistulam

190 477 261 516 tibi
282 476 369 514 misi
390 485 428 515 et
448 486 645 516 recentem
667 486 704 516 et
726 478 916 516 benevole
937 477 1131 528 scriptam.

152 635 169 665 5
233 629 405 664 XXXV
452 633 520 665 Scr.
529 634 614 673 sort.
635 636 668 665 in
684 635 872 665 suburbano
889 633 996 665 Siccae
1011 634 1056 667 K.
1071 639 1154 676 vesp.
1172 638 1231 666 aut
1247 645 1345 666 mane
1358 634 1392 665 vi
1403 633 1489 666 Non.

696 688 778 721 Mai.
799 701 828 720 a.
850 699 907 730 709
927 690 1010 731 (45).

595 776 763 807 CICERO
794 776 976 807 ATTICO
1004 775 1110 810 SAL.

244 866 349 903 Ante
370 877 489 914 quam
509 877 532 902 a
552 873 589 903 te
610 865 784 914 proxime
805 864 979 912 discessi,
996 878 1212 913 numquam
1234 864 1330 902 mihi
1349 864 1455 903 venit
1474 864 1514 902 in
1536 869 1586 907 (2)

190 937 375 975 mentem,
399 943 478 978 quo
505 931 591 978 plus
618 929 861 979 insumptum
891 929 930 966 in
960 929 1248 966 monimentum
1276 936 1376 967 esset
1397 942 1515 978 quam

132 1005 172 1027 10
191 993 325 1031 nescio
355 993 450 1042 quid
478 995 586 1042 quod
616 995 699 1043 lege
729 993 972 1040 conceditur,
992 994 1225 1031 tantundem
1246 995 1394 1042 populo
1423 994 1516 1031 dan-

190 1058 286 1095 dum
318 1071 412 1095 esse.
473 1058 594 1105 Quod
624 1070 703 1094 non
739 1071 882 1106 magno
913 1070 1030 1106 opere
1064 1064 1248 1102 moveret,
1279 1056 1353 1094 nisi
1382 1056 1516 1094 nescio

189 1135 269 1171 quo
285 1123 416 1168 modo,
433 1123 578 1174 ἀλόγως
597 1123 768 1168 fortasse,
784 1123 930 1160 nollem
951 1121 1048 1159 illud
1068 1122 1148 1158 ullo
1169 1120 1329 1159 nomine
1348 1120 1423 1158 nisi
1438 1120 1518 1158 fani

187 1187 383 1236 appellari.
444 1188 565 1236 Quod
592 1185 624 1224 si
649 1188 841 1233 volumus,
864 1199 999 1225 vereor
1022 1200 1072 1224 ne
1101 1185 1265 1235 adsequi
1287 1199 1369 1224 non
1397 1185 1519 1235 possi-

188 1264 275 1288 mus
305 1250 379 1288 nisi
408 1259 560 1289 mutato
589 1252 688 1289 loco.
749 1252 843 1289 Hoc
872 1252 988 1300 quale
1017 1250 1075 1297 sit,
1108 1263 1269 1300 quaeso,
1298 1250 1514 1289 considera.

132 1327 168 1358 15
190 1317 293 1354 Nam
315 1316 387 1354 etsi
408 1316 538 1354 minus
562 1330 701 1366 urgeor
729 1330 873 1366 meque
897 1315 980 1366 ipse
1010 1329 1131 1365 prope
1161 1316 1326 1353 modum
1350 1314 1514 1364 conlegi,

189 1388 321 1419 tamen
356 1380 515 1430 indigeo
550 1381 606 1419 tui
644 1380 793 1419 consili.
867 1382 1007 1430 Itaque
1041 1388 1079 1419 te
1113 1381 1366 1418 vehementer
1398 1379 1516 1417 etiam

187 1453 305 1495 atque
330 1446 447 1484 etiam
469 1460 563 1496 rogo
587 1445 710 1495 magis
737 1459 856 1495 quam
876 1459 899 1483 a
920 1459 982 1483 me
1002 1445 1059 1483 vis
1083 1453 1149 1483 aut
1169 1444 1311 1495 pateris
1332 1451 1369 1483 te
1392 1443 1517 1493 rogari

188 1518 232 1549 ut
252 1512 354 1549 hanc
375 1510 655 1561 cogitationem
677 1518 761 1549 toto
781 1518 939 1561 pectore
959 1512 1206 1561 amplectare.

231 1659 429 1695 XXXVI
506 1662 574 1695 Scr.
593 1664 739 1694 Asturae
754 1674 774 1693 v
792 1662 878 1693 Nou.
897 1661 978 1694 Mai.
998 1672 1029 1693 a.
1049 1670 1108 1702 709
1127 1659 1209 1702 (45).

132 1764 171 1785 20
592 1751 763 1783 CICERO
793 1749 975 1781 ATTICO
1004 1748 1111 1782 SAL.

242 1841 394 1878 Fanum
416 1840 498 1879 fieri
518 1842 609 1878 volo
629 1853 759 1890 neque
785 1840 862 1878 hoc
889 1838 985 1876 mihi
1013 1837 1108 1887 eripi
1137 1843 1276 1887 potest.
1335 1835 1511 1886 Sepulcri
1531 1842 1549 1870 1

188 1904 483 1944 similitudinem
505 1907 672 1955 effugere
692 1918 773 1943 non
794 1912 873 1942 tam
894 1912 1052 1954 propter
1067 1915 1236 1953 poenam
1257 1901 1351 1951 legis
1373 1902 1514 1939 studeo

188 1982 306 2018 quam
327 1977 369 2007 ut
390 1969 558 2008 maxime
578 1971 771 2019 adsequar
792 1970 1008 2007 ἀποθέωσιν.
1069 1968 1191 2016 Quod
1210 1974 1398 2016 poteram,
1423 1965 1453 2004 si
1474 1965 1515 2003 in

188 2032 272 2082 ipsa
302 2034 392 2071 villa
425 2036 592 2073 facerem
609 2049 619 2082 3
649 2035 719 2072 sed
750 2042 792 2071 ut
823 2047 939 2083 saepe
970 2032 1091 2071 locuti
1122 2044 1268 2077 sumus,
1299 2037 1515 2069 commuta-

132 2107 170 2139 25
189 2097 315 2135 tiones
336 2098 588 2136 dominorum
618 2098 840 2136 reformido.
900 2099 949 2135 In
979 2110 1070 2146 agro
1100 2095 1342 2144 ubicumque
1371 2096 1511 2141 fecero,

189 2161 285 2199 mihi
305 2162 440 2200 videor
463 2162 626 2212 adsequi
655 2176 771 2212 posse
796 2170 838 2199 ut
864 2161 1068 2211 posteritas
1098 2160 1242 2198 habeat
1271 2159 1509 2209 religionem.

188 2228 279 2265 Hae
309 2241 419 2265 meae
448 2227 519 2265 tibi
548 2227 718 2277 ineptiae
742 2228 882 2277 (fateor
911 2225 1033 2277 enim)
1064 2226 1246 2264 ferendae
1276 2232 1366 2262 sunt
1380 2238 1391 2272 3
1419 2237 1511 2262 nam

230 2329 251 2359 8
273 2339 293 2359 a
310 2334 342 2359 te
372 2340 400 2361 v.
412 2340 434 2361 c.
463 2328 492 2358 L
521 2329 660 2369 (marg)
686 2323 730 2358 Zb
756 2329 867 2360 CmL:
905 2339 969 2359 om.
998 2332 1050 2357 ΣΔ
1223 2337 1257 2357 11
1284 2337 1338 2357 me
1362 2331 1512 2357 moveret

191 2371 380 2413 Wsenberg
521 2383 557 2402 21
586 2373 668 2412 eripi
687 2373 851 2402 Ruhnken
867 2383 874 2403 :
906 2373 954 2403 eri
972 2370 1022 2401 lffl
1040 2383 1046 2402 :
1077 2371 1213 2402 suaderi
1231 2382 1259 2401 v.
1280 2382 1320 2401 c.:
1352 2371 1424 2401 erui
1441 2369 1507 2411 M²‚

177 2416 258 2453 jort.
277 2419 371 2447 recte:
396 2416 473 2446 exui
491 2417 540 2446 vel
555 2416 741 2447 dissuaderi
757 2415 878 2448 Lamb.
1013 2426 1054 2455 27
1081 2412 1174 2455 nam]
1195 2425 1262 2445 non
1280 2418 1349 2445 vett.
1511 2419 1514 2421 ’
