1827 2798
595 140 708 177 EPP.
739 140 817 177 AD
847 139 1107 178 ATTICVM
1426 141 1536 177 XIV.
1559 140 1637 176 viii

179 257 289 288 teras.
350 251 411 288 De
452 251 579 288 Mario
617 251 750 301 probe,
791 251 862 288 etsi
901 251 1018 288 doleo
1058 251 1100 288 L.
1136 249 1265 289 Crassi
1304 257 1501 300 nepotem.

179 315 339 364 Optime
369 315 446 353 iam
474 317 592 354 etiam
620 317 741 353 Bruto
769 323 902 353 nostro
929 315 1083 364 probari
1106 315 1338 353 Antonium.
1400 317 1502 353 Nam

177 380 284 428 quod
322 381 476 417 Iuniam
511 379 646 418 scribis
686 380 887 417 moderate
925 388 963 417 et
1001 379 1127 417 amice
1161 380 1322 430 scriptas
1358 381 1503 418 litteras

175 444 361 490 attulisse,
383 446 475 481 mihi
495 446 639 482 Paulus
660 445 769 482 dedit
789 445 839 481 ad
860 457 901 481 se
924 457 947 481 a
968 445 1081 482 fratre
1104 444 1265 492 missas3
1295 445 1438 494 quibus
1462 445 1501 482 in

138 523 153 553 5
177 508 357 546 extremis
397 516 477 547 erat
508 508 581 546 sibi
616 508 777 546 insidias
816 507 922 554 fieri;
969 521 1010 545 se
1049 508 1089 546 id
1123 509 1237 546 certis
1276 510 1501 547 auctoribus

117 844 153 866 10

111 1562 147 1583 20

175 574 423 623 comperisse.
486 575 579 611 Hoc
612 586 686 610 nec
715 572 811 609 mihi
841 572 1021 620 placebat
1051 580 1089 610 et
1119 575 1244 611 multo
1274 574 1326 610 illi
1358 574 1497 611 minus

179 640 352 688 Reginae
383 640 472 688 fuga
506 637 602 675 mihi
633 651 714 675 non
745 638 910 675 molesta
941 645 1009 674 est.
1081 637 1222 676 Clodia
1253 638 1349 687 quid
1383 638 1502 687 egerit

174 702 319 741 scribas
350 704 400 740 ad
432 716 495 740 me
526 701 653 740 velim.
729 703 790 739 De
823 701 1018 750 Byzantiis
1052 702 1205 740 curabis
1236 710 1277 740 ut
1307 711 1434 740 cetera
1463 711 1501 742 et

174 768 361 816 Pelopem
388 768 439 805 ad
468 775 506 805 te
532 780 714 804 arcesseS.
776 768 872 815 Ego,
896 774 937 803 ut
958 768 1142 816 postulas,
1169 767 1315 805 Baiana
1343 768 1500 817 negotia

173 832 416 881 chorumque
448 831 557 869 illum
592 832 642 869 de
673 845 752 881 quo
785 831 881 869 scire
911 831 979 877 vis,
1013 845 1103 869 cum
1139 845 1381 881 perspexero,
1416 841 1499 870 tum

173 895 350 942 scribam,
375 909 424 933 ne
445 896 540 945 quid
570 895 734 946 ignores.
795 895 903 943 Quid
935 895 1046 942 Galli,
1071 896 1167 945 quid
1199 896 1378 946 Hispani,
1403 897 1499 946 quid
1518 903 1542 930 2

172 961 310 998 Sextus
337 968 425 1010 agat
445 962 699 999 vehementer
718 969 913 1010 exspecto.
974 963 1032 999 Ea
1053 961 1200 999 scilicet
1220 969 1262 999 tu
1283 962 1498 1000 declarabis

172 1024 238 1073 qui
259 1032 398 1063 cetera.
458 1026 698 1064 Nauseolam
720 1025 789 1062 tibi
810 1033 918 1062 tuam
945 1039 1102 1063 causam
1129 1026 1182 1063 oti
1204 1026 1360 1065 dedisse
1387 1027 1498 1064 facile

173 1089 356 1138 patiebar.
406 1091 605 1128 Videbare
625 1089 730 1127 enim
752 1089 847 1126 mihi
869 1089 1012 1138 legenti
1034 1097 1119 1127 tuas
1140 1090 1284 1127 litteras
1302 1091 1497 1139 requiesse

172 1155 377 1204 paulisper.
438 1156 500 1193 De
531 1157 652 1192 Bruto
673 1168 827 1203 semper
847 1156 897 1192 ad
918 1168 982 1192 me
1003 1154 1136 1192 onmia
1165 1155 1406 1204 perscribito,
1430 1156 1496 1193 ubi

171 1220 229 1266 sit,
262 1220 357 1269 quid
387 1220 541 1270 cogitet.
602 1221 733 1269 Quem
764 1221 926 1270 quidem
960 1235 1032 1271 ego
1067 1235 1180 1270 spero
1211 1221 1289 1260 iam
1321 1229 1405 1260 tuto
1436 1224 1497 1260 vel

171 1285 297 1322 solum
317 1292 399 1323 tota
421 1286 516 1324 urbe
536 1286 663 1335 vagari
683 1298 811 1335 posse.
870 1287 1017 1324 Verum
1038 1294 1234 1325 tamen—.

210 1392 278 1427 IX
461 1395 529 1427 Ser.
550 1396 583 1426 in
603 1397 757 1427 Cmnano
771 1408 815 1427 xv
830 1397 873 1427 K.
895 1396 974 1427 Mai.
993 1409 1023 1428 α.
1046 1409 1103 1437 710
1122 1399 1208 1438 (44).

572 1473 742 1504 CICERO
773 1473 953 1504 ATTICO
982 1473 1087 1505 SAL.

223 1547 285 1583 De
318 1558 359 1583 re
393 1545 551 1595 publica
585 1547 708 1582 multa
740 1545 906 1595 cognovi
938 1559 983 1583 ex
1016 1546 1091 1584 tuis
1122 1546 1256 1584 litteris
1287 1560 1383 1596 quas
1415 1546 1532 1598 qui-1

167 1610 258 1647 dem
288 1609 511 1659 multiiuges
535 1609 669 1658 accepi
691 1623 770 1647 uno
793 1617 969 1659 tempore
990 1624 1012 1648 a
1032 1611 1188 1649 Vestori
1219 1612 1370 1650 liberto.
1429 1614 1495 1651 Ad

167 1688 212 1712 ea
239 1681 372 1712 autem
402 1688 503 1724 quae
533 1674 694 1723 requiris
724 1674 831 1711 brevi
862 1675 1124 1724 respondebo.
1185 1675 1360 1714 Primum
1381 1678 1495 1715 vehe-

167 1747 316 1777 menter
349 1753 413 1777 me
452 1740 643 1777 Cluviana
682 1740 890 1776 delectant.
952 1741 1030 1778 Sed
1070 1741 1178 1790 quod
1210 1741 1362 1790 quaeris
1397 1742 1493 1791 quid

165 1803 403 1841 arcessierim
443 1802 719 1852 Chrysippum,
760 1803 945 1841 tabernae
984 1804 1080 1841 mihi
1123 1805 1225 1842 duae
1264 1814 1492 1844 corruerunt

130 1887 139 1892 -
165 1868 414 1917 reliquaeque
445 1868 561 1905 rimas
593 1875 723 1917 agunt,
762 1868 893 1918 itaque
932 1882 1013 1906 non
1045 1871 1173 1907 solum
1207 1869 1389 1919 inquilini
1421 1873 1491 1909 sed

164 1946 291 1970 mures
312 1932 428 1970 etiam
451 1932 721 1982 migraverunt.
777 1935 895 1971 Hanc
916 1934 1033 1972 ceteri
1054 1936 1315 1973 calamitatem
1335 1943 1488 1983 vocant,

162 2010 234 2046 ego
255 2010 304 2034 ne
325 1996 624 2035 incommodum
646 1997 818 2046 quidem.
879 1999 914 2037 O
936 2000 1094 2037 Socrate
1121 2007 1159 2037 et
1186 1999 1373 2038 Socratici
1394 2000 1488 2038 viri!

163 2074 379 2110 numquam
410 2061 521 2099 vobis
553 2061 715 2110 gratiam
750 2064 924 2100 referam.
995 2063 1047 2101 Di
1081 2063 1332 2111 immortales,
1369 2078 1489 2113 quam

163 2126 257 2163 mihi
281 2125 353 2163 ista
373 2139 443 2175 pro
464 2126 611 2165 nihilo!
659 2128 737 2165 Sed
758 2135 889 2165 tamen
911 2141 956 2165 ea
977 2129 1074 2166 ratio
1097 2128 1333 2167 aedificandi
1355 2128 1485 2178 initur,

204 2240 223 2259 2
248 2231 312 2260 iam
328 2228 456 2260 Moser:
483 2235 549 2260 tam
567 2229 620 2259 M¹
769 2242 788 2269 4
813 2232 892 2261 dicit
908 2231 1022 2262 Baiter
1160 2243 1177 2271 7
1203 2238 1254 2263 est
1274 2232 1487 2274 Wesenberg:

159 2273 220 2303 sed
238 2272 279 2302 M
377 2284 397 2312 9
422 2284 573 2304 arcesses
590 2267 659 2303 Zlbt
675 2284 703 2305 v.
724 2285 746 2304 c.
766 2273 795 2304 L
815 2275 953 2317 (marg.)
970 2287 977 2306 ε
1001 2285 1096 2305 arces
1114 2274 1155 2304 M
1258 2287 1294 2315 14
1318 2277 1485 2307 Videbare

162 2315 350 2346 ORPsBer.
370 2316 469 2347 Rom.
491 2317 528 2347 I:
552 2318 690 2348 videbar
706 2318 747 2348 M
932 2328 971 2356 27
998 2319 1140 2349 Socrate
1157 2316 1199 2348 Z‘
1219 2331 1225 2350 :
1255 2320 1415 2350 Socrates
1434 2319 1480 2360 M,

159 2359 194 2397 cf.
210 2359 299 2389 Neue
317 2360 574 2391 ‘Formenlehre'
592 2361 626 2392 i³¹.
643 2366 676 2401 p.
698 2371 762 2400 449
936 2363 977 2393 28
1002 2373 1091 2393 nunc
1108 2373 1207 2403 quarn
1226 2362 1357 2394 Schiche

201 2423 263 2444 cxc.
282 2424 330 2444 AD
346 2424 420 2448 Απ.
1351 2418 1394 2450 32
