1827 2798
206 148 253 184 X.
276 147 305 183 ii
712 144 766 180 M.
799 142 966 180 TVLLI
997 141 1303 180 CICERONIS

263 268 287 295 2
307 270 437 306 quam,
461 268 539 305 quo
560 262 597 292 et
619 267 705 303 qua.
767 253 845 291 Sed
874 253 971 289 haec
999 259 1131 289 nostra
1151 251 1220 289 erit
1242 265 1333 289 cura
1354 259 1391 290 et
1412 250 1634 301 peritorum.

304 323 367 359 Tu
389 329 521 358 tamen
546 319 654 368 quod
675 316 832 368 poteris,
855 324 898 354 ut
918 318 1049 354 adhuc
1077 316 1211 363 fecisti,
1236 330 1308 354 nos
1338 316 1510 354 consiliis
1535 316 1639 353 iuva-

308 385 378 423 bis.
439 386 519 421 Res
541 390 631 421 sunt
652 381 956 431 inexplicabiles.
1018 382 1214 419 Fortunae
1236 389 1325 419 sunt
1352 379 1639 418 committenda

305 449 450 488 omnia.
511 448 603 487 Sine
632 461 700 497 spe
730 460 921 485 conamur
947 448 1036 484 ulla.
1097 445 1242 484 Melius
1263 445 1294 483 si
1315 445 1411 496 quid
1438 444 1635 492 acciderit,

304 513 542 552 mirabimur.
604 511 839 561 Dionysium
870 513 1015 549 nollem
1043 512 1094 549 ad
1122 524 1184 549 me
1211 512 1456 560 profectum;
1485 511 1535 548 de
1556 523 1638 558 quo
1659 524 1674 554 5

303 580 353 617 ad
385 592 448 616 me
479 577 610 616 Tullia
646 590 734 615 mea
765 575 927 625 scripsit.
989 577 1066 614 Sed
1098 583 1136 614 et
1170 583 1325 625 tempus
1357 574 1528 612 alienum
1564 582 1633 621 est,

304 651 342 682 et
367 642 518 682 homini
547 656 627 680 non
655 642 784 679 amico
812 649 945 679 nostra
974 640 1240 686 incommoda,
1264 647 1371 678 tanta
1396 637 1633 689 praesertim,

302 710 529 758 spectaculo
550 721 635 746 esse
658 708 829 754 nollem3
860 705 922 744 cui
948 713 985 744 te
1013 719 1103 745 meo
1130 704 1291 743 nomine
1319 703 1523 743 inimicum
1550 716 1635 741 esse

302 775 406 812 nolo.

345 908 419 942 ῙῙῙ
600 909 669 941 Scr.
691 909 724 940 1'11
742 909 876 940 Arcano
893 909 938 939 vii
952 908 1001 939 Id.
1022 908 1105 949 Apr.
1127 919 1157 940 a.
1179 918 1232 948 705
1251 907 1339 949 (49).
1658 914 1695 936 10

718 987 893 1018 CICERO
921 986 1093 1017 ATTICO
1120 985 1218 1017 SAL.

357 1061 459 1100 Cum
490 1060 599 1109 quod
630 1059 840 1097 scriberem
873 1060 989 1108 plane
1021 1057 1117 1095 nihil
1150 1058 1348 1104 haberem,
1372 1058 1469 1095 haec
1501 1063 1633 1095 autem

303 1124 450 1174 reliqua
471 1131 601 1162 essent
623 1136 723 1172 quae
745 1123 842 1161 scire
864 1136 1059 1173 cuperem,
1083 1123 1332 1172 profectusne
1355 1129 1466 1168 esset,
1492 1135 1572 1171 quo
1593 1121 1632 1158 in

303 1197 404 1227 statu
432 1189 568 1226 urbem
600 1187 831 1237 reliquisset,
855 1187 894 1224 in
925 1187 1009 1236 ipsa
1030 1186 1143 1224 Italia
1163 1199 1281 1236 quem
1314 1186 1456 1235 cuique
1484 1184 1631 1235 regioni

302 1261 368 1291 aut
396 1252 554 1302 negotio
582 1251 841 1301 praefecisset,
866 1251 981 1301 ecqui
1011 1258 1141 1289 essent
1169 1252 1220 1289 ad
1254 1250 1488 1300 Pompeium
1517 1258 1555 1289 et
1583 1251 1632 1288 ad
1657 1265 1692 1297 15

303 1319 484 1356 consules
512 1331 558 1354 ex
585 1325 743 1354 senatus
769 1318 951 1354 consulto
978 1317 1028 1354 de
1055 1329 1152 1365 pace
1179 1315 1305 1365 legati,
1331 1325 1372 1353 ut
1401 1316 1514 1365 igitur
1535 1317 1633 1353 haec

303 1381 440 1420 scirem
469 1381 603 1419 dedita
630 1394 748 1430 opera
775 1382 844 1418 has
865 1381 916 1418 ad
944 1388 981 1418 te
1007 1379 1152 1417 litteras
1181 1380 1279 1418 misi.
1342 1380 1495 1418 Feceris
1520 1380 1634 1430 igitur

303 1447 514 1484 commode
543 1445 717 1495 mihique
738 1454 890 1495 gratum
912 1445 941 1483 si
964 1458 1027 1483 me
1043 1446 1093 1483 de
1115 1445 1174 1483 his
1196 1446 1311 1483 rebus
1336 1454 1373 1483 et
1395 1445 1425 1483 si
1447 1445 1542 1495 quid
1563 1445 1633 1484 erit

302 1510 409 1549 aliud
431 1511 538 1560 quod
560 1510 656 1548 scire
684 1524 782 1559 opus
810 1510 858 1547 sit
880 1509 1015 1548 feceris
1039 1509 1254 1548 certiorem.
1311 1511 1395 1559 Ego
1417 1509 1455 1547 in
1476 1511 1634 1548 Arcano

304 1575 485 1626 opperior
506 1577 601 1614 dum
625 1575 696 1613 ista
717 1588 925 1625 cognosco.
1657 1586 1694 1608 20

344 1747 418 1782 ῙῙῙ
432 1758 456 1782 a.
594 1749 663 1780 Scr.
683 1751 715 1779 1'11
738 1750 868 1780 Arcano
884 1749 994 1781 viiId.
1017 1749 1101 1790 Apr.
1122 1760 1153 1781 a.
1178 1760 1231 1789 705
1265 1750 1335 1791 49).

723 1838 892 1868 CICERO
915 1838 1098 1869 ATTICO
1121 1839 1225 1870 SAL.

270 1931 286 1958 1
357 1917 404 1954 A.
437 1917 473 1954 d.
508 1928 562 1953 vn
596 1917 692 1953 Idus
721 1918 882 1953 alteram
913 1915 983 1953 tibi
1014 1917 1155 1954 eodem
1192 1916 1255 1954 die
1288 1917 1389 1954 hanc
1423 1916 1631 1966 epistulam

304 1981 446 2020 dictavi
469 1989 505 2019 et
527 1980 651 2030 pridie
672 1982 858 2019 dederam
881 1994 968 2018 mea
996 1994 1114 2018 manu
1142 1981 1369 2031 longiorem.
1429 1981 1568 2019 Visum
1595 1990 1632 2019 te

302 2046 411 2084 aiunt
432 2047 470 2083 in
493 2046 605 2095 regia,
622 2059 695 2083 nec
717 2047 977 2094 reprehendo,
992 2045 1137 2095 quippe
1158 2059 1247 2083 cum
1270 2045 1353 2095 ipse
1375 2046 1486 2084 istam
1509 2060 1633 2096 repre-
1655 2057 1692 2088 25

304 2111 535 2149 hensionem
558 2124 637 2147 non
660 2110 834 2159 fugerim.
895 2111 973 2148 Sed
1001 2118 1186 2160 exspecto
1216 2118 1301 2148 tuas
1331 2110 1475 2149 litteras
1503 2125 1632 2160 neque

305 2175 380 2212 iam
399 2189 490 2212 sane
504 2174 620 2213 video
634 2174 728 2224 quid
746 2182 979 2224 exspectem,
997 2176 1066 2213 sed
1083 2182 1226 2223 tamen,
1245 2175 1362 2213 etiam
1385 2175 1415 2213 si
1437 2175 1532 2213 nihil
1549 2175 1630 2223 erit,

306 2239 345 2277 id
368 2240 494 2289 ipsum
516 2241 566 2277 ad
589 2253 651 2277 me
672 2239 788 2276 velim
810 2239 967 2277 scribas.

349 2353 368 2382 5
395 2342 518 2372 nollem
541 2342 743 2381 lwscnlmg:
771 2342 872 2372 nolim
890 2342 978 2374 codd.
1071 2344 1091 2373 8
1116 2343 1238 2373 nollem
1251 2342 1363 2373 codd:
1390 2343 1489 2373 nolim
1506 2342 1637 2374 Ernesti

312 2388 348 2416 16
366 2392 400 2416 ut
419 2385 473 2415 M²
489 2398 494 2416 :
520 2397 593 2415 cum
613 2385 664 2414 M¹
680 2385 799 2415 Laml).
814 2385 965 2416 Sclnm‘dt
1056 2397 1092 2426 17
1112 2387 1231 2417 scirem
1243 2386 1329 2417 codd.
1345 2396 1350 2416 2
1378 2387 1463 2417 scire
1476 2397 1632 2427 cuperem

307 2430 425 2461 Lamb.
444 2441 450 2459 ε
474 2429 559 2460 scire
577 2429 697 2459 vellem
714 2428 866 2459 Schmidt
