1827 2798
129 93 375 130 XV1.xvi1>
644 91 700 127 M.
732 87 901 125 TVLLI
931 84 1237 126 CICERONIS

926 216 976 253 D.

643 302 712 334 Scr.
731 301 841 333 eodem
858 305 998 342 tempore
1012 312 1078 342 qno
1092 305 1136 342 ep.
1157 302 1198 332 16
1216 301 1252 334 C.

646 380 824 411 CICERO
853 381 892 412 C.
929 379 1187 411 CVPIENNIO
1219 379 1254 412 S.

220 472 264 510 14
336 461 493 498 Patrem
524 467 635 497 tuum
669 457 827 509 plurimi
858 458 933 497 feci
961 471 1106 508 meque
1132 457 1198 496 ille
1232 456 1395 496 mirifice
1423 464 1462 496 et
1494 456 1614 496 coluit

283 534 321 565 et
345 524 517 573 amavit3
545 538 620 563 nec
646 538 711 562 me
730 525 891 562 hercule
909 536 1099 573 umquam
1121 522 1217 560 mihi
1238 522 1405 561 dubium
1426 522 1498 560 fuit
1518 522 1614 572 quin
1636 537 1651 567 5

281 606 305 630 a
326 599 363 629 te
384 590 586 640 diligeret,
616 603 691 639 ego
709 588 872 638 quidem
891 587 932 626 id
953 589 1081 626 facere
1107 601 1186 626 non
1208 587 1350 626 destiti.
1410 589 1540 636 Quam
1563 588 1616 626 ob

282 671 365 695 rem
391 664 482 706 peto
508 669 532 693 a
552 663 592 693 te
616 654 656 692 in
684 654 873 692 maiorem
900 654 1065 691 modum
1085 660 1129 691 ut
1148 652 1344 691 civitatem
1367 652 1616 690 Buthrotiam

283 722 465 760 subleves
489 722 774 769 decretumque
801 720 1009 757 consulum
1030 719 1139 768 quod
1160 718 1185 756 ii
1210 719 1429 756 secundum
1452 719 1619 756 Buthro-

284 787 360 825 tios
393 788 582 832 fecerunt,
613 798 704 822 cum
739 791 777 822 et
811 785 898 833 lege
934 790 974 821 et
1006 790 1166 821 senatus
1203 784 1386 820 consulto
1419 782 1617 821 statuendi

285 859 519 903 potestatem
550 851 753 896 haberent,
778 850 850 888 des
878 862 1039 899 operam
1069 856 1111 886 ut
1139 849 1308 885 Plancus
1336 855 1469 886 noster
1499 861 1617 898 quam
1641 864 1679 886 το

285 917 455 968 primum
484 918 692 955 confirmet
717 923 755 954 et
782 915 1026 964 comprobet.
1087 915 1182 952 Hoc
1210 920 1250 952 te
1274 914 1538 961 vehementer,
1565 914 1619 952 mi

285 982 495 1033 Cupienni,
518 981 635 1021 etiam
661 989 781 1032 atque
805 980 924 1019 etiam
948 993 1054 1029 rogo,

925 1133 971 1170 E.

783 1219 853 1251 Ser.
867 1223 942 1260 post
955 1224 1002 1260 ep.
1020 1219 1060 1250 16
1076 1219 1117 1250 Β.

554 1297 731 1329 CICERO
763 1296 950 1328 PLANCO
980 1296 1144 1327 PRAET.
1180 1295 1279 1327 DES.
1317 1296 1352 1327 S.
1645 1300 1679 1332 15

222 1385 265 1423 15
340 1378 509 1427 Ignosce
528 1376 766 1425 mihi-'quod
781 1389 872 1413 cum
893 1382 1009 1413 antea
1027 1374 1320 1413 accuratissime
1334 1376 1386 1413 de
1403 1374 1618 1413 Buthrotiis

282 1444 333 1480 ad
351 1450 390 1480 te
409 1441 639 1490 scripserim,
659 1442 799 1479 eadem
816 1441 868 1478 de
882 1454 923 1478 re
939 1439 1095 1490 saepius
1115 1439 1296 1478 scribam.
1346 1442 1439 1478 Non
1457 1454 1521 1478 me
1536 1441 1619 1479 her-

283 1509 384 1554 cule,
409 1506 462 1544 mi
491 1508 645 1553 Plance,
670 1506 772 1543 facio
798 1519 879 1554 quo
906 1518 1044 1555 parum
1075 1506 1274 1543 confidam
1303 1512 1371 1544 aut
1397 1505 1617 1544 liberalitati

285 1581 375 1611 tuae
400 1579 467 1610 aut
494 1579 652 1610 nostrae
676 1570 873 1608 amicitiae
898 1571 981 1616 sed,
1003 1584 1094 1608 cum
1122 1578 1230 1609 tanta
1256 1585 1317 1609 res
1342 1579 1478 1622 agatur
1497 1572 1618 1610 Attici

286 1637 420 1684 nostri,
451 1650 560 1674 nunc
592 1649 685 1674 vero
723 1635 841 1674 etiam
874 1634 1120 1681 existimatio,
1153 1643 1195 1673 ut
1229 1636 1269 1674 id
1299 1638 1407 1686 quod
1441 1638 1620 1687 probavit
1643 1654 1681 1676 20

285 1704 432 1742 Caesar
459 1700 575 1739 nobis
607 1700 774 1738 testibus
807 1707 845 1737 et
875 1699 1195 1749 obsignatoribus
1223 1701 1289 1751 qui
1320 1709 1358 1740 et
1386 1702 1553 1740 decretis
1583 1710 1620 1741 et

285 1766 483 1817 responsis
504 1765 684 1805 Caesaris
707 1765 1006 1803 interfueramus
1028 1765 1206 1804 videatur
1225 1767 1404 1815 obtinere
1432 1768 1621 1818 potuisse,

287 1831 512 1883 praesertim
544 1845 635 1869 cum
668 1839 751 1868 tota
784 1838 958 1881 potestas
992 1830 1076 1868 eius
1106 1831 1159 1868 rei
1190 1839 1257 1869 tua
1286 1832 1344 1878 sit,
1373 1841 1416 1870 ut
1446 1847 1491 1871 ea
1520 1847 1621 1883 quae

287 1899 472 1937 consules
490 1898 747 1935 decreverunt
768 1897 988 1934 secundum
1007 1896 1186 1935 Caesaris
1205 1898 1362 1935 decreta
1382 1906 1419 1935 et
1436 1912 1623 1948 responsa

288 1978 368 2002 non
389 1963 519 2001 dicam
540 1963 778 2013 comprobes
803 1964 872 2001 sed
900 1962 1076 2001 studiose
1101 1963 1346 2012 libenterque
1372 1965 1619 2014 comprobes.
1643 1979 1682 2010 25

220 2027 267 2065 16
291 2030 337 2067 Id
360 2028 455 2066 mihi
476 2028 532 2066 sic
552 2028 623 2066 erit
642 2035 794 2078 gratum
817 2035 858 2065 ut
879 2029 986 2065 nulla
1005 2041 1064 2065 res
1085 2027 1228 2077 gratior
1246 2042 1333 2066 esse
1348 2028 1481 2078 possit.
1538 2029 1621 2067 Etsi

288 2095 365 2132 iam
392 2095 610 2145 sperabam,
633 2108 724 2132 cum
752 2096 822 2132 has
849 2094 993 2132 litteras
1019 2094 1251 2144 accepisses,
1272 2096 1354 2133 fore
1380 2102 1422 2132 ut
1449 2109 1494 2133 ea
1522 2109 1623 2145 quae

288 2160 552 2210 superioribus
579 2160 715 2198 litteris
739 2174 762 2197 a
782 2167 820 2197 te
841 2159 1075 2209 petissemus
1094 2159 1300 2210 impetrata
1325 2168 1466 2207 essent,
1490 2168 1622 2199 tamen

292 2239 370 2262 non
398 2225 537 2263 faciam
565 2226 685 2263 finem
712 2224 875 2274 rogandi
895 2225 1029 2274 quoad
1049 2224 1164 2263 nobis
1189 2224 1411 2263 nuntiatum
1433 2224 1504 2263 erit
1524 2233 1562 2263 te
1582 2225 1622 2263 id

292 2290 431 2329 fecisse
459 2291 567 2339 quod
598 2304 738 2339 magna
766 2303 857 2327 cum
887 2303 956 2339 spe
986 2296 1267 2339 exspectamus.
1332 2289 1489 2328 Deinde
1516 2290 1621 2329 enim
1642 2303 1684 2334 30

618 2404 652 2424 11
680 2393 873 2433 comprobet
893 2393 961 2425 Cv.
974 2404 999 2425 c.
1019 2404 1026 2424 z
1051 2394 1171 2434 probet
1188 2393 1289 2425 Rom.
1306 2394 1328 2424 I
