1827 2798
562 132 673 169 EPP.
705 132 783 168 AD
813 129 1071 168 ATTICVM
1372 126 1458 162 XV.
1480 133 1542 160 xv

150 248 350 292 receptum
385 248 454 288 est,
487 241 526 280 id
558 255 629 292 ego
660 243 711 280 ad
742 242 838 280 illud
868 243 1003 279 sanum
1034 239 1249 290 sepositum
1279 238 1477 289 putabam.

150 308 228 344 Sed
260 307 357 343 haec
387 306 524 343 Tironi
557 306 739 344 mandavi
768 320 885 356 quem
918 307 970 344 ob
1001 319 1087 344 eam
1118 318 1276 342 causam
1308 305 1479 341 Romam

151 370 263 417 misi;
312 377 350 408 te
388 369 495 407 nolui
536 370 769 420 impeditum
804 370 1004 420 impedire.
1063 369 1203 408 Cicero
1238 375 1370 406 noster
1400 374 1525 416 quo4

150 434 365 473 modestior
394 441 451 472 est
479 447 526 472 eo
557 448 619 472 me
650 435 770 484 magis
801 442 1035 473 commovet.
1109 435 1173 472 Ad
1204 447 1266 471 me
1296 432 1400 471 enim
1430 433 1480 470 de

111 510 128 541 5
150 501 223 537 hac
244 513 284 537 re
304 498 401 536 nihil
428 498 580 548 scripsit
610 500 661 537 ad
689 513 807 548 quem
836 499 1020 536 nimirum
1050 498 1298 549 potissimum
1320 496 1481 544 debuit3

150 563 302 613 scripsit
331 564 407 601 hoc
436 570 568 601 autem
598 564 649 601 ad
679 563 881 611 Tironem,
912 563 984 601 sibi
1017 571 1104 613 post
1137 563 1304 601 Kalend.
1337 560 1480 611 Aprilis

149 628 221 678 (sic
243 627 348 666 enim
376 641 553 666 annuum
583 636 737 678 tempus
768 628 927 678 confici)
949 628 1045 666 nihil
1075 629 1211 666 datum
1235 640 1330 665 esse.
1389 625 1481 664 Tibi

150 707 219 743 pro
240 700 307 731 tua
327 700 465 730 natura
486 706 640 744 semper
660 693 852 743 placuisse
873 701 990 742 teque
1018 693 1257 731 existimasse
1278 691 1343 732 †id
1363 690 1480 729 etiam

150 759 200 796 ad
221 757 452 808 dignitatem
474 771 603 796 meam
628 757 819 807 pertinere
844 772 934 796 eum
962 772 1042 795 non
1064 759 1184 795 modo
1204 755 1482 807 perliberaliter

94 835 172 859 10a
206 822 321 860 nobis
361 823 429 860 sed
464 822 581 860 etiam
616 830 751 860 ornate
785 824 1061 871 cumulateque
1096 821 1258 859 tractari.
1318 823 1408 870 Qua
1440 834 1480 858 re

151 887 266 925 velim
287 901 397 925 cures
419 888 508 935 <nec
529 886 599 924 tibi
620 900 746 924 essem
768 888 966 932 molestus,
990 886 1021 924 si
1044 900 1112 936 per
1131 887 1251 924 alium
1272 887 1347 923 hoc
1367 899 1481 935 agere

149 952 324 1002 possem)
346 959 388 989 ut
417 959 659 1001 permutetur
685 952 862 989 Athenas
890 951 998 1000 quod
1029 950 1076 988 sit
1106 950 1145 988 in
1174 963 1350 987 annuum
1380 963 1481 987 sum-

150 1024 262 1066 ptum
283 1015 328 1053 ei.
380 1015 536 1054 Scilicet
558 1017 656 1053 Eros
677 1015 909 1053 numerabit.
964 1014 1059 1052 Eius
1080 1014 1133 1052 rei
1155 1027 1272 1052 causa
1291 1013 1478 1051 Tironem

152 1080 249 1118 misi.
310 1079 476 1119 Curabis
503 1079 617 1130 igitur
641 1087 678 1117 et
707 1080 757 1117 ad
788 1093 851 1117 me
881 1078 911 1117 si
936 1078 1031 1128 quid
1056 1077 1127 1116 tibi
1148 1079 1198 1116 de
1218 1091 1266 1116 eo
1286 1077 1481 1116 videbitur

94 1159 130 1190 15
153 1146 309 1184 scribes.

194 1250 305 1285 XVI
393 1253 464 1285 Scr.
485 1253 521 1284 in
534 1253 675 1284 Antiati
687 1253 793 1285 iz'iazet
804 1253 891 1295 prid.
909 1253 958 1284 Id.
976 1253 1051 1286 Iun.
1069 1264 1099 1285 α.
1122 1263 1178 1292 710
1198 1252 1285 1294 (44).

558 1331 731 1362 CICERO
760 1331 943 1361 ATTICO
973 1330 1082 1363 SAL.

201 1404 384 1441 Tandem
421 1416 445 1440 a
475 1402 668 1442 Cicerone
705 1402 929 1440 tabellarius
963 1410 1001 1440 et
1040 1415 1103 1440 me
1137 1403 1294 1440 hercule
1333 1401 1481 1439 litterae

148 1469 404 1517 πεπινωμένως
433 1467 608 1517 scriptae,
640 1469 748 1517 quod
783 1467 912 1517 ipsum
942 1468 1134 1517 προκοπὴν
1163 1467 1334 1517 aliquam
1369 1466 1481 1516 signi-

92 1547 132 1570 20
150 1533 251 1580 ficat,
285 1532 459 1582 itemque
492 1532 611 1570 ceteri
644 1534 841 1582 praeclara
874 1532 1073 1580 scribunt3
1117 1532 1314 1570 Leonides
1348 1539 1481 1569 tamen

149 1597 289 1635 retinet
313 1610 428 1635 suum
457 1596 554 1634 illud
579 1598 754 1643 ‘adhuc‚'
775 1597 937 1634 summis
958 1610 1049 1634 vero
1078 1597 1260 1634 laudibus
1283 1597 1478 1633 Herodes.

150 1661 259 1710 Quid
293 1661 480 1711 quaeris?
522 1662 584 1699 vel
617 1661 735 1699 verba
769 1661 865 1699 mihi
903 1661 987 1699 dari
1026 1661 1137 1698 facile
1171 1661 1297 1711 patior
1330 1660 1370 1697 in
1404 1661 1481 1698 hoc

149 1740 291 1776 meque
318 1726 485 1765 libenter
510 1726 681 1776 praebeo
708 1728 922 1764 credulum.
981 1727 1044 1764 Tu
1069 1726 1197 1773 velim,
1224 1725 1255 1763 si
1285 1725 1380 1775 quid
1411 1725 1480 1763 tibi

148 1798 206 1829 est
234 1805 258 1829 a
278 1791 402 1830 Statio
432 1790 618 1842 scriptum
648 1792 756 1841 quod
785 1791 977 1842 pertineat
1005 1792 1056 1830 ad
1086 1804 1159 1838 me,
1183 1790 1387 1829 certiorem
1417 1804 1480 1829 me

90 1870 129 1902 25
147 1856 277 1895 facias.

190 1961 302 1996 XVI
319 1974 341 1996 a
384 1964 456 1997 Scr.
474 1965 507 1996 in
524 1964 686 2006 Arpinati
698 1966 754 1995 xiv
769 1969 829 1995 aut
842 1965 903 1995 m'iz'
915 1965 960 1998 K.
972 1964 1050 1998 Iun.
1069 1976 1100 1997 a.
1119 1975 1177 2004 710
1197 1964 1283 2004 (44).

550 2042 719 2073 CICERO
749 2042 931 2073 ATTICO
961 2042 1069 2074 SAL.

202 2116 328 2152 Narro
362 2113 447 2162 tibi,
479 2115 575 2151 haec
610 2115 696 2151 loca
727 2122 891 2151 venusta
925 2122 1025 2161 sunt,
1059 2113 1193 2152 abdita
1227 2120 1330 2151 certe
1364 2121 1412 2160 et,
1447 2112 1479 2152 si

148 2179 243 2229 quid
283 2178 450 2217 scribere
488 2178 596 2226 velis,
634 2179 683 2215 ab
722 2178 872 2216 arbitris
907 2178 1038 2216 libera.
1108 2180 1186 2217 Sed
1225 2178 1358 2216 nescio
1398 2193 1478 2229 quo

194 2292 211 2320 7
236 2285 310 2311 ante
326 2281 384 2312 tibi
402 2280 478 2312 add.
498 2280 575 2310 Scio
593 2280 706 2310 Baiter
886 2281 905 2309 8
924 2284 1001 2320 post
1017 2280 1230 2312 existimasse
1247 2281 1386 2312 addend.
1407 2282 1477 2312 scio

148 2325 226 2354 coni.
245 2325 330 2353 Boot
438 2335 458 2362 9
479 2328 554 2363 post
571 2325 742 2362 pertinere
760 2323 836 2354 add.
849 2324 1010 2364 perspexi
1023 2324 1087 2366 (vel
1098 2325 1282 2365 perspicio)
1302 2325 1477 2355 Lehmann

149 2368 397 2406 perliberaliter
423 2364 538 2397 Z²M2:
574 2367 733 2407 peraliter
753 2366 805 2396 Ml
984 2377 1021 2407 13
1047 2368 1089 2398 ei.
1142 2368 1278 2399 Scilicet
1301 2368 1412 2399 Crat:
1445 2374 1478 2400 et

147 2411 257 2442 silicet
273 2410 330 2442 M:
356 2411 430 2441 Tibi
450 2410 578 2441 scilicet
595 2410 737 2443 Schutz:
762 2410 830 2443 secl.
847 2410 946 2442 Klotz
