1827 2798
580 157 691 194 EPP.
723 157 801 193 AD
829 158 1089 197 ATTICVM
1471 158 1565 195 XII.
1588 157 1603 194 i

177 266 284 305 nihil.
345 266 453 316 Quid
483 281 574 317 ergo
604 281 703 318 opus
733 276 813 307 erat
842 268 1037 318 epistula?
1093 268 1213 318 Quid,
1246 282 1337 308 curn
1372 282 1504 308 coram

178 344 313 369 sumus
352 339 390 370 et
427 332 615 381 garrimus
654 332 844 382 quicquid
882 332 922 371 in
961 334 1157 372 buccam?
1219 335 1290 371 Est
1328 335 1505 383 profecto

177 395 368 445 quiddam
393 397 526 448 λέσχη,
550 410 651 446 quae
678 398 810 445 habet,
830 397 947 436 etiam
975 397 1006 436 si
1033 398 1130 436 nihil
1157 399 1302 446 subest,
1324 400 1509 438 conlocu-

177 460 286 500 tione
306 460 390 512 ipsa
410 461 652 500 suavitatem.

139 618 157 650 5
220 610 269 646 II
443 614 515 646 Ser.
534 614 663 646 Romae
679 618 754 646 ante
769 615 852 647 med.
871 626 914 646 m.
932 615 965 645 A
965 621 1016 656 pr.
1034 626 1065 647 a.
1082 616 1143 656 708
1155 615 1244 658 (46).

591 702 761 734 CICERO
783 703 966 735 ATTICO
988 702 1092 734 SAL.

230 789 312 828 Hic
338 803 514 829 rumores
543 798 676 830 tamen
700 793 885 829 Murcum
915 791 1061 842 perisse
1087 791 1298 842 naufragio,
1321 790 1503 830 Asinium
1523 803 1541 831 1

176 856 350 894 delatum
380 856 512 894 vivum
542 856 581 894 in
616 870 756 894 manus
786 856 966 904 militum,
989 869 1012 894 L
1032 856 1141 895 navis
1170 858 1318 895 delatas
1348 857 1505 895 Vticam

177 922 314 959 reflatu
344 922 431 967 hoc,
464 920 700 970 Pompeium
732 934 813 959 non
845 934 1071 970 comparere
1100 934 1174 959 nec
1205 921 1245 958 in
1278 921 1505 960 Balearibus

124 1001 161 1023 10
179 985 343 1024 omnino
374 985 502 1033 fuisse,
533 993 575 1023 ut
606 986 817 1024 Paciaecus
846 987 1037 1024 adfirmat.
1097 986 1175 1024 Sed
1202 993 1337 1023 auctor
1362 985 1505 1023 nullius

178 1050 233 1088 rei
255 1050 474 1099 quisquam.
523 1051 662 1088 Habes
683 1063 794 1099 quae,
818 1051 914 1088 dum
935 1057 976 1087 tu
997 1050 1104 1097 abes,
1125 1049 1246 1087 locuti
1267 1049 1353 1087 sint.
1402 1049 1507 1088 Ludi

178 1115 326 1153 interea
354 1117 573 1154 Praeneste.
635 1115 697 1153 Ibi
726 1114 879 1152 Hirtius
903 1123 941 1153 et
967 1114 1029 1152 isti
1057 1127 1206 1152 omnes.
1267 1116 1317 1152 Et
1345 1113 1505 1163 quidem
1525 1125 1549 1153 2

179 1180 262 1218 ludi
294 1180 378 1219 dies
410 1192 496 1218 vm.
556 1181 670 1229 Quae
703 1193 834 1227 cenae,
872 1193 973 1229 quae
1003 1179 1191 1217 deliciae!
1249 1180 1329 1217 Res
1359 1178 1508 1217 interea

178 1247 341 1284 fortasse
378 1252 572 1283 transacta
609 1252 677 1283 est.
755 1245 792 1283 O
831 1244 948 1282 miros
991 1242 1196 1281 homines!
1266 1245 1320 1281 At
1359 1243 1506 1281 Balbus

121 1322 158 1354 15
178 1311 383 1359 aedificat3
411 1312 451 1350 τί
465 1313 537 1363 γὰρ
563 1312 659 1362 αὐτῷ
677 1311 782 1360 μέλει
794 1328 806 1354 ;
834 1311 984 1347 Verum
1004 1307 1035 1346 si
1063 1307 1226 1358 quaeris,
1249 1307 1401 1346 homini
1425 1321 1507 1347 non

179 1384 284 1413 recta
305 1377 374 1414 sed
394 1375 612 1425 voluptaria
632 1374 834 1425 quaerenti
854 1387 988 1412 nonne
1007 1374 1220 1423 βεβίωταιῗ
1275 1374 1338 1410 Tu
1359 1371 1508 1410 interea

179 1441 336 1479 dormis.
397 1443 483 1479 Iam
513 1440 789 1491 explicandum
824 1447 882 1478 est
910 1440 1128 1489 πρόβλημα,
1160 1437 1191 1476 si
1222 1436 1317 1487 quid
1350 1444 1506 1475 acturus

178 1519 229 1545 es.
289 1506 329 1544 Si
359 1505 511 1556 quaeris
541 1505 637 1555 quid
667 1513 815 1555 putem,
836 1517 909 1554 ego
938 1505 1107 1542 fructum
1136 1510 1243 1553 puto.
1303 1503 1381 1540 Sed
1411 1501 1508 1551 quid

178 1572 329 1609 multa?
387 1573 472 1609 Iam
505 1578 542 1608 te
571 1570 716 1609 videbo
746 1577 784 1608 et
813 1569 988 1619 quidem,
1015 1576 1057 1606 ut
1082 1581 1206 1618 spero,
1236 1568 1286 1606 de
1313 1566 1374 1604 via
1402 1573 1508 1605 recta

122 1650 160 1673 20
178 1637 229 1674 ad
249 1649 322 1674 me.
382 1635 506 1674 Simul
527 1634 632 1673 enirn
653 1642 691 1673 et
711 1634 817 1673 diem
837 1632 1081 1683 Tyrannioni
1104 1631 1390 1671 constituemus
1417 1638 1455 1670 et
1475 1630 1508 1669 si

177 1699 275 1751 quid
293 1699 412 1739 aliud.

220 1850 295 1885 ῙῙῙ
457 1853 529 1886 Scr.
547 1854 581 1885 in
603 1853 788 1885 Tusculano
805 1852 842 1883 iii
853 1851 902 1883 Id.
920 1851 996 1882 Iun.
1014 1861 1043 1882 a.
1064 1851 1125 1890 708
1143 1849 1230 1891 (46).

591 1941 763 1973 CICERO
785 1940 965 1972 ATTICO
988 1938 1095 1971 SAL.

230 2033 364 2070 Vnum
387 2039 425 2070 te
453 2038 550 2082 puto
570 2031 700 2069 minus
727 2031 919 2068 blandum
941 2041 1026 2067 esse
1046 2040 1166 2077 quarn
1192 2039 1257 2064 me
1281 2033 1329 2072 et,
1353 2024 1385 2064 si
1409 2033 1506 2065 uter·
1525 2040 1543 2068 1

119 2111 156 2143 25
178 2109 255 2147 que
276 2104 452 2135 nostrum
473 2105 531 2135 est
550 2096 764 2146 aliquando
785 2096 970 2133 adversus
991 2093 1174 2142 aliquem,
1189 2091 1289 2129 inter
1310 2105 1381 2130 nos
1402 2099 1506 2130 certe

178 2175 396 2211 numquam
417 2174 563 2199 sumus.
606 2160 715 2198 Audi
735 2159 849 2209 igitur
865 2172 928 2196 me
948 2160 1025 2196 hoc
1046 2158 1274 2209 ἀγοητεύτως
1293 2155 1501 2194 dicentem.

179 2228 242 2265 Ne
271 2226 410 2273 vivam,
433 2225 488 2264 mi
515 2224 660 2272 Attice,
680 2224 712 2262 si
741 2222 838 2261 mihi
866 2236 947 2261 non
974 2223 1096 2260 modo
1125 2222 1407 2267 Tusculanum,
1437 2219 1505 2258 ubi

222 2339 240 2368 7
259 2339 373 2359 rumor
385 2333 437 2359 est
451 2328 594 2359 Statium
611 2327 761 2357 Murcum
777 2326 877 2356 Orelli
939 2326 960 2355 8
978 2324 1106 2356 delatas
1121 2324 1226 2355 Crat.:
1245 2323 1357 2355 delata
1375 2323 1408 2353 in
1423 2322 1506 2353 ΔΟ]

181 2382 217 2402 ΙΙ
236 2374 303 2403 sint
317 2376 340 2403 Σ
356 2384 362 2403 :
383 2377 462 2402 sunt
475 2372 515 2401 M
600 2381 637 2409 15
655 2381 722 2401 non
738 2370 878 2400 CORP:
899 2380 965 2400 om.
981 2374 1009 2399 Δ
1098 2369 1136 2398 18
1154 2368 1312 2399 fructum]
1330 2371 1504 2406 peractum

177 2415 302 2448 Moser:
330 2416 520 2446 consectum
539 2414 678 2445 Sclzic‘tz:
703 2414 849 2444 eluctum
862 2412 943 2442 Ellis
957 2424 963 2442 z
988 2413 1058 2442 fore
1072 2416 1182 2442 actum
1197 2412 1275 2442 coni.
1289 2410 1375 2441 Reid
1461 2420 1504 2440 22

176 2460 315 2490 alterum
326 2459 424 2489 lucius
433 2464 478 2500 ep.
492 2458 675 2498 exemplum
689 2458 752 2499 (m)
766 2456 930 2488 invenilur
939 2456 974 2486 in
984 2454 1026 2486 M
1035 2455 1100 2486 xvi.
1114 2465 1146 2495 5.
1161 2464 1181 2495 3
1188 2459 1264 2497 post
1273 2465 1334 2486 voc.
1350 2458 1504 2528 {zssertar
