1827 2798
605 165 717 202 EPP.
749 165 826 201 AD
857 162 1116 202 ATTICVM
1447 162 1517 199 XI.
1543 172 1603 197 xv

186 275 291 314 enim
318 275 371 314 ita
391 275 544 314 videtur
564 277 849 314 Alexandream
872 283 1002 314 tenere
1022 282 1064 312 ut
1085 287 1175 313 eum
1200 272 1367 312 scribere
1392 272 1508 311 etiam

186 342 332 391 pudeat
359 343 409 379 de
439 341 512 379 illis
539 342 665 388 rebus,
693 341 732 378 hi
761 348 891 379 autem
921 355 967 379 ex
994 339 1126 377 Africa
1155 339 1232 377 iarn
1261 338 1433 377 adfuturi
1459 338 1510 376 vi—

186 407 340 452 dentur,
369 405 543 451 Achaici,
578 405 671 444 item
709 419 756 443 ex
790 405 884 442 Asia
922 404 1079 442 redituri
1111 405 1162 442 ad
1193 417 1260 442 eos
1289 411 1356 441 aut
1386 403 1509 441 libero

185 470 318 520 aliquo
334 472 423 508 loco
439 470 726 509 commoraturi.
779 470 887 518 Quid
908 469 1003 507 mihi
1019 469 1133 519 igitur
1149 476 1262 519 putas
1282 469 1509 518 agendum?

149 549 166 580 5
186 535 316 573 Video
345 535 502 573 difficile
531 549 616 574 esse
645 534 864 573 consilium.
927 535 1021 572 Sum
1050 533 1157 571 enim
1188 535 1293 571 solus
1322 541 1389 571 aut
1417 546 1507 571 cum

185 601 307 638 altero
341 600 403 638 cui
438 614 567 650 neque
605 601 656 637 ad
694 599 779 637 illos
818 598 963 637 reditus
998 598 1046 636 sit
1077 612 1206 647 neque
1240 598 1291 635 ab
1326 598 1384 635 his
1416 597 1508 647 ipsis

186 664 399 714 quicquam
432 666 483 703 ad
521 678 633 714 spem
670 665 908 702 ostendatur.
969 664 1047 702 Sed
1086 670 1218 701 tamen
1258 662 1355 701 scire
1393 662 1507 701 velim

186 729 283 779 quid
309 743 494 777 censeas3
528 729 648 779 idque
677 737 757 768 erat
782 743 874 767 cum
902 728 986 766 aliis
1015 742 1084 767 cur
1113 736 1160 776 te,
1192 728 1221 766 si
1252 727 1332 766 fieri
1363 736 1506 778 posset,

187 807 370 844 cuperem
395 794 537 832 videre.

129 873 168 896 10
244 858 465 896 Minucium
500 863 564 896 fii
593 861 676 898 sola
707 873 863 898 curasse
892 859 1026 910 scripsi
1055 860 1105 897 ad
1135 866 1173 897 te
1202 866 1326 897 antea.
1387 859 1506 907 Quod
1527 869 1551 896 2

187 932 363 973 superest
390 923 505 962 velim
531 924 664 962 videas
689 933 730 962 ut
750 933 913 963 curetur.
975 924 1146 973 Quintus
1172 938 1251 961 non
1280 925 1401 962 modo
1429 937 1507 961 non

187 1002 278 1026 cum
300 1003 440 1039 magna
462 1003 576 1038 prece
596 991 646 1028 ad
669 1004 731 1028 me
754 991 823 1028 sed
843 989 1093 1028 acerbissime
1115 989 1277 1038 scripsit,
1298 988 1398 1027 filius
1419 1002 1509 1026 vero

189 1054 353 1092 mirifico
387 1054 491 1092 odio.
563 1055 671 1092 Nihil
711 1054 802 1104 fingi
841 1062 968 1104 potest
1004 1054 1094 1092 mali
1129 1068 1208 1104 quo
1247 1068 1328 1092 non
1361 1067 1506 1103 urgear.

189 1119 335 1157 Omnia
374 1128 505 1157 tamen
544 1127 635 1157 sunt
674 1119 846 1157 faciliora
882 1132 1000 1168 quam
1035 1118 1185 1168 peccati
1225 1120 1337 1156 dolor
1371 1118 1436 1167 qui
1472 1126 1509 1156 et

130 1197 166 1228 15
188 1183 379 1221 maximus
414 1192 471 1221 est
502 1192 540 1222 et
571 1192 760 1222 aeternus.
820 1183 942 1222 Cuius
975 1182 1126 1233 peccati
1159 1182 1190 1220 si
1225 1182 1352 1221 socios
1384 1196 1509 1221 essem

186 1248 389 1286 habiturus
410 1262 483 1298 ego
504 1262 603 1298 quos
624 1248 767 1298 putavi,
790 1256 919 1286 tamen
941 1255 1043 1286 esset
1063 1261 1109 1286 ea
1127 1247 1348 1286 consolatio
1369 1248 1506 1286 tenuis.

187 1313 264 1351 Sed
285 1313 403 1351 habet
423 1313 589 1352 aliorum
613 1313 791 1352 omnium
812 1312 909 1351 ratio
928 1312 1085 1359 exitum,
1109 1326 1197 1350 mea
1217 1314 1378 1350 nullum.
1431 1312 1508 1350 Alii

186 1377 299 1427 capti,
326 1378 391 1416 alii
420 1378 618 1417 interclusi
652 1392 733 1416 non
762 1377 923 1415 veniunt
952 1377 991 1414 in
1020 1377 1187 1415 dubium
1217 1378 1267 1415 de
1296 1378 1509 1425 voluntate,

186 1457 234 1481 eo
261 1443 390 1482 minus
416 1444 563 1482 scilicet
583 1458 674 1482 cum
701 1457 743 1481 se
766 1441 1007 1493 expedierint
1027 1450 1065 1480 et
1085 1456 1164 1480 una
1188 1455 1272 1480 esse
1295 1442 1507 1491 coeperint.

129 1524 168 1546 20
189 1508 222 1547 Ii
248 1517 379 1548 autem
407 1509 480 1559 ipsi
511 1509 578 1559 qui
608 1523 677 1547 sua
705 1510 905 1546 voluntate
933 1509 983 1546 ad
1012 1508 1167 1545 Fufium
1194 1515 1383 1545 venerunt
1412 1506 1508 1544 nihil

186 1582 352 1624 possunt
392 1575 465 1613 nisi
505 1575 631 1613 timidi
674 1573 893 1613 existimari.
965 1572 1082 1610 Multi
1124 1581 1256 1611 autem
1300 1580 1390 1610 sunt
1428 1572 1506 1622 qui,

186 1653 438 1689 quocumque
470 1641 592 1678 modo
621 1641 671 1678 ad
701 1639 788 1677 illos
818 1652 859 1676 se
889 1637 1060 1687 recipere
1088 1639 1233 1684 volent,
1262 1636 1506 1687 recipientur.

187 1705 279 1753 Quo
309 1704 438 1742 minus
468 1705 590 1743 debes
621 1704 747 1742 mirari
778 1717 858 1741 non
889 1716 1003 1752 posse
1035 1716 1097 1740 mc
1127 1710 1237 1740 tanto
1267 1701 1393 1740 dolori
1422 1702 1510 1740 resi-

185 1778 295 1808 stere.
355 1770 483 1809 Solius
513 1770 618 1808 enim
650 1783 781 1808 meum
809 1776 1014 1819 peccatum
1045 1766 1182 1817 corrigi
1210 1780 1290 1804 non
1317 1775 1444 1817 potest
1472 1775 1509 1804 et

128 1850 164 1880 25
185 1836 347 1872 sortasse
375 1835 493 1873 Laeli.
557 1835 635 1873 Sed
667 1835 763 1884 quid
794 1848 857 1872 me
887 1833 927 1872 id
956 1834 1087 1871 levat?
1136 1834 1239 1870 Nam
1274 1833 1318 1871 C.
1348 1831 1507 1881 quidem

186 1900 367 1939 Cassium
387 1900 496 1938 aiunt
516 1900 723 1938 consilium
746 1900 1032 1937 Alexandream
1054 1897 1175 1936 eundi
1195 1897 1416 1935 mutavisse.

240 1967 354 2003 Haec
379 1966 430 2003 ad
456 1973 492 2003 te
520 1965 659 2012 scribo,
683 1978 762 2002 non
788 1972 829 2002 ut
850 1970 1003 2013 *rquem
1026 1971 1133 2001 tuam
1156 1964 1349 2001 demere†
1370 1962 1507 2000 sollici<
1527 1969 1552 2006 3

186 2030 363 2067 tudinem
394 2032 463 2068 sed
490 2037 532 2068 ut
559 2043 795 2079 cognoscam
825 2029 968 2078 ecquid
999 2036 1039 2066 tu
1069 2029 1119 2066 ad
1151 2041 1196 2065 ea
1225 2028 1376 2065 adferas
1409 2041 1509 2076 quae

189 2108 251 2132 me
278 2094 517 2141 conficiunt3
544 2095 594 2132 ad
620 2107 721 2143 quae
747 2107 865 2141 gener
892 2093 1044 2130 accedit
1072 2100 1109 2130 et
1135 2099 1262 2130 cetera
1289 2104 1389 2141 quae
1417 2092 1508 2129 fietu

126 2173 166 2203 30
187 2159 375 2209 reprimor
408 2173 457 2197 ne
495 2158 674 2197 scribam.
736 2157 845 2206 Quin
883 2157 999 2196 etiam
1031 2157 1179 2207 Aesopi
1214 2156 1315 2194 filius
1354 2170 1417 2194 me
1451 2170 1511 2194 ex-

232 2265 271 2295 16
295 2263 373 2305 ego]
394 2274 453 2294 eos
471 2261 640 2293 Corradus
730 2273 769 2292 ea
787 2261 858 2291 M²z
885 2272 951 2291 om.
971 2260 1024 2290 M¹
1160 2271 1199 2300 27
1224 2271 1324 2299 quem
1346 2265 1435 2291 tuam
1454 2261 1509 2291 dc-

186 2318 278 2339 mere
298 2307 360 2338 M:
384 2318 503 2346 queam
518 2311 607 2336 tuam
622 2306 757 2335 demere
770 2317 798 2336 v.
812 2316 855 2335 ατ
879 2315 984 2343 queas
1001 2309 1035 2334 tu
1050 2305 1185 2334 demere
1203 2304 1243 2333 Μ
1253 2306 1392 2344 χηιαιζξ.)
1406 2305 1510 2344 vulga

186 2362 290 2390 queas
308 2356 341 2381 tu
359 2362 464 2380 meam
484 2352 621 2380 demere
643 2348 851 2387 Wesenbmg:
875 2354 996 2387 querar
1018 2353 1129 2378 tecum
1157 2349 1199 2378 de
1219 2358 1291 2377 mea
1311 2358 1398 2377 scum
1421 2348 1510 2378 solli-

186 2395 349 2427 citudine&
368 2394 495 2433 MzHler,
515 2404 589 2424 cum
608 2398 642 2424 ut
659 2393 713 2423 vx'x
729 2392 813 2422 idem
830 2393 871 2422 sit
886 2402 923 2422 ac
935 2402 1017 2431 quo,
1034 2392 1070 2431 qs.
1091 2392 1121 2422 ii.
1141 2400 1191 2431 25.
1215 2401 1227 2421 1
1245 2402 1251 2420 :
1267 2390 1348 2431 sort.
1368 2401 1508 2431 augeam

187 2444 277 2469 tuam
294 2439 336 2469 de
354 2449 406 2468 me
