<?xml version="1.0" encoding="UTF-8"?>
<!DOCTYPE html PUBLIC "-//W3C//DTD XHTML 1.0 Transitional//EN"
    "http://www.w3.org/TR/xhtml1/DTD/xhtml1-transitional.dtd">
<html xmlns="http://www.w3.org/1999/xhtml" xml:lang="en" lang="en">
 <head>
  <title>
</title>
<meta http-equiv="Content-Type" content="text/html;charset=utf-8" />
  <meta name='ocr-system' content='tesseract 3.04.00' />
  <meta name='ocr-capabilities' content='ocr_page ocr_carea ocr_par ocr_line ocrx_word'/>
</head>
<body>
  <div class='ocr_page' id='page_1' title='image "./epistulaerecogno0202ciceuoft_0163.png"; bbox 0 0 1827 2798; ppageno 0'>
   <div class='ocr_carea' id='block_1_1' title="bbox 589 146 1619 189">
    <p class='ocr_par' dir='ltr' id='par_1_1' title="bbox 589 146 1619 189">
     <span class='ocr_line' id='line_1_1' title="bbox 589 146 1619 189; baseline -0.004 -1"><span class='ocrx_word' id='word_1_1' title='bbox 589 151 700 189; x_wconf 90' lang='lat' dir='ltr'><strong>EPP.</strong></span> <span class='ocrx_word' id='word_1_2' title='bbox 733 151 812 188; x_wconf 93' lang='lat' dir='ltr'>AD</span> <span class='ocrx_word' id='word_1_3' title='bbox 842 149 1103 189; x_wconf 89' lang='lat' dir='ltr'><strong>ATTICVM</strong></span> <span class='ocrx_word' id='word_1_4' title='bbox 1455 148 1550 185; x_wconf 90' lang='lat' dir='ltr'><strong>XII.</strong></span> <span class='ocrx_word' id='word_1_5' title='bbox 1573 146 1619 184; x_wconf 82' lang='lat' dir='ltr'>lii</span> 
     </span>
    </p>
   </div>
   <div class='ocr_carea' id='block_1_2' title="bbox 128 258 1553 1021">
    <p class='ocr_par' dir='ltr' id='par_1_2' title="bbox 184 258 1552 504">
     <span class='ocr_line' id='line_1_2' title="bbox 186 258 1509 311; baseline -0.002 -13"><span class='ocrx_word' id='word_1_6' title='bbox 186 262 355 299; x_wconf 82' lang='lat' dir='ltr'>Plancus</span> <span class='ocrx_word' id='word_1_7' title='bbox 375 267 434 299; x_wconf 87' lang='lat' dir='ltr'>est</span> <span class='ocrx_word' id='word_1_8' title='bbox 459 262 654 311; x_wconf 84' lang='lat' dir='ltr'>rogandus</span> <span class='ocrx_word' id='word_1_9' title='bbox 684 260 764 299; x_wconf 86' lang='lat' dir='ltr'>sive</span> <span class='ocrx_word' id='word_1_10' title='bbox 791 274 869 311; x_wconf 88' lang='lat' dir='ltr'>qua</span> <span class='ocrx_word' id='word_1_11' title='bbox 893 274 933 300; x_wconf 87' lang='lat' dir='ltr'>re</span> <span class='ocrx_word' id='word_1_12' title='bbox 956 268 1068 311; x_wconf 88' lang='lat' dir='ltr'>potes</span> <span class='ocrx_word' id='word_1_13' title='bbox 1092 260 1202 299; x_wconf 90' lang='lat' dir='ltr'>illum</span> <span class='ocrx_word' id='word_1_14' title='bbox 1226 258 1367 305; x_wconf 83' lang='lat' dir='ltr'>iuvare,</span> <span class='ocrx_word' id='word_1_15' title='bbox 1390 258 1509 297; x_wconf 89' lang='lat' dir='ltr'>iuves.</span> 
     </span>
     <span class='ocr_line' id='line_1_3' title="bbox 186 323 1511 364; baseline -0.001 -2"><span class='ocrx_word' id='word_1_16' title='bbox 186 324 359 363; x_wconf 82' lang='lat' dir='ltr'>Pertinet</span> <span class='ocrx_word' id='word_1_17' title='bbox 387 326 438 364; x_wconf 94' lang='lat' dir='ltr'>ad</span> <span class='ocrx_word' id='word_1_18' title='bbox 467 333 643 363; x_wconf 89' lang='lat' dir='ltr'>nostrum</span> <span class='ocrx_word' id='word_1_19' title='bbox 670 325 855 364; x_wconf 86' lang='lat' dir='ltr'>officium.</span> <span class='ocrx_word' id='word_1_20' title='bbox 914 325 953 364; x_wconf 88' lang='lat' dir='ltr'>Si</span> <span class='ocrx_word' id='word_1_21' title='bbox 980 339 1040 363; x_wconf 88' lang='lat' dir='ltr'>res</span> <span class='ocrx_word' id='word_1_22' title='bbox 1069 324 1140 363; x_wconf 86' lang='lat' dir='ltr'>tibi</span> <span class='ocrx_word' id='word_1_23' title='bbox 1170 326 1267 363; x_wconf 88' lang='lat' dir='ltr'>forte</span> <span class='ocrx_word' id='word_1_24' title='bbox 1296 323 1426 362; x_wconf 88' lang='lat' dir='ltr'>notior</span> <span class='ocrx_word' id='word_1_25' title='bbox 1454 329 1511 361; x_wconf 89' lang='lat' dir='ltr'>est</span> 
     </span>
     <span class='ocr_line' id='line_1_4' title="bbox 185 388 1512 440; baseline 0 -14"><span class='ocrx_word' id='word_1_26' title='bbox 185 402 304 439; x_wconf 89' lang='lat' dir='ltr'>quam</span> <span class='ocrx_word' id='word_1_27' title='bbox 325 389 432 436; x_wconf 89' lang='lat' dir='ltr'>mihi,</span> <span class='ocrx_word' id='word_1_28' title='bbox 454 398 520 428; x_wconf 89' lang='lat' dir='ltr'>aut</span> <span class='ocrx_word' id='word_1_29' title='bbox 544 390 575 427; x_wconf 87' lang='lat' dir='ltr'>si</span> <span class='ocrx_word' id='word_1_30' title='bbox 600 391 788 427; x_wconf 81' lang='lat' dir='ltr'>Plancum</span> <span class='ocrx_word' id='word_1_31' title='bbox 818 391 1036 439; x_wconf 85' lang='lat' dir='ltr'>rogandum</span> <span class='ocrx_word' id='word_1_32' title='bbox 1065 397 1188 440; x_wconf 90' lang='lat' dir='ltr'>putas,</span> <span class='ocrx_word' id='word_1_33' title='bbox 1213 388 1358 427; x_wconf 81' lang='lat' dir='ltr'>scribas</span> <span class='ocrx_word' id='word_1_34' title='bbox 1377 388 1427 426; x_wconf 91' lang='lat' dir='ltr'>ad</span> <span class='ocrx_word' id='word_1_35' title='bbox 1448 400 1512 426; x_wconf 87' lang='lat' dir='ltr'>me</span> 
     </span>
     <span class='ocr_line' id='line_1_5' title="bbox 184 452 1552 504; baseline 0.001 -13"><span class='ocrx_word' id='word_1_36' title='bbox 184 454 299 492; x_wconf 85' lang='lat' dir='ltr'>velim</span> <span class='ocrx_word' id='word_1_37' title='bbox 322 462 365 492; x_wconf 86' lang='lat' dir='ltr'>ut</span> <span class='ocrx_word' id='word_1_38' title='bbox 385 454 481 504; x_wconf 85' lang='lat' dir='ltr'>quid</span> <span class='ocrx_word' id='word_1_39' title='bbox 501 454 554 493; x_wconf 92' lang='lat' dir='ltr'>rei</span> <span class='ocrx_word' id='word_1_40' title='bbox 575 454 622 493; x_wconf 85' lang='lat' dir='ltr'>sit</span> <span class='ocrx_word' id='word_1_41' title='bbox 643 462 680 492; x_wconf 92' lang='lat' dir='ltr'>et</span> <span class='ocrx_word' id='word_1_42' title='bbox 701 454 797 504; x_wconf 84' lang='lat' dir='ltr'>quid</span> <span class='ocrx_word' id='word_1_43' title='bbox 817 456 1035 504; x_wconf 82' lang='lat' dir='ltr'>rogandum</span> <span class='ocrx_word' id='word_1_44' title='bbox 1064 454 1194 492; x_wconf 86' lang='lat' dir='ltr'>sciam.</span> <span class='ocrx_word' id='word_1_45' title='bbox 1256 455 1317 492; x_wconf 92' lang='lat' dir='ltr'>De</span> <span class='ocrx_word' id='word_1_46' title='bbox 1346 452 1512 503; x_wconf 78' lang='lat' dir='ltr'>epistula</span> <span class='ocrx_word' id='word_1_47' title='bbox 1528 465 1552 493; x_wconf 83' lang='lat'>2</span> 
     </span>
    </p>

    <p class='ocr_par' dir='ltr' id='par_1_3' title="bbox 147 518 1513 825">
     <span class='ocr_line' id='line_1_6' title="bbox 147 518 1511 569; baseline -0.001 -13"><span class='ocrx_word' id='word_1_48' title='bbox 147 530 163 561; x_wconf 80' lang='grc'><em>5</em></span> <span class='ocrx_word' id='word_1_49' title='bbox 184 519 235 556; x_wconf 93' lang='lat' dir='ltr'>ad</span> <span class='ocrx_word' id='word_1_50' title='bbox 267 520 475 558; x_wconf 78' lang='lat' dir='ltr'>Caesarem</span> <span class='ocrx_word' id='word_1_51' title='bbox 499 519 596 569; x_wconf 88' lang='lat' dir='ltr'>quid</span> <span class='ocrx_word' id='word_1_52' title='bbox 622 519 744 568; x_wconf 87' lang='lat' dir='ltr'>egeris</span> <span class='ocrx_word' id='word_1_53' title='bbox 765 527 959 569; x_wconf 88' lang='lat' dir='ltr'>exspecto.</span> <span class='ocrx_word' id='word_1_54' title='bbox 1021 521 1083 557; x_wconf 84' lang='lat' dir='ltr'>De</span> <span class='ocrx_word' id='word_1_55' title='bbox 1113 518 1207 556; x_wconf 88' lang='lat' dir='ltr'>Silio</span> <span class='ocrx_word' id='word_1_56' title='bbox 1237 532 1317 556; x_wconf 89' lang='lat' dir='ltr'>non</span> <span class='ocrx_word' id='word_1_57' title='bbox 1342 518 1394 555; x_wconf 89' lang='lat' dir='ltr'>ita</span> <span class='ocrx_word' id='word_1_58' title='bbox 1418 531 1511 556; x_wconf 86' lang='lat' dir='ltr'>sane</span> 
     </span>
     <span class='ocr_line' id='line_1_7' title="bbox 184 582 1513 633; baseline -0.001 -13"><span class='ocrx_word' id='word_1_59' title='bbox 184 583 331 622; x_wconf 88' lang='lat' dir='ltr'>laboro.</span> <span class='ocrx_word' id='word_1_60' title='bbox 391 585 453 621; x_wconf 90' lang='lat' dir='ltr'>Tu</span> <span class='ocrx_word' id='word_1_61' title='bbox 480 583 534 621; x_wconf 88' lang='lat' dir='ltr'>mi</span> <span class='ocrx_word' id='word_1_62' title='bbox 562 591 629 621; x_wconf 88' lang='lat' dir='ltr'>aut</span> <span class='ocrx_word' id='word_1_63' title='bbox 658 584 901 633; x_wconf 80' lang='lat' dir='ltr'>Scapulanos</span> <span class='ocrx_word' id='word_1_64' title='bbox 930 591 998 621; x_wconf 86' lang='lat' dir='ltr'>aut</span> <span class='ocrx_word' id='word_1_65' title='bbox 1026 583 1241 623; x_wconf 89' lang='lat' dir='ltr'>Clodianos</span> <span class='ocrx_word' id='word_1_66' title='bbox 1276 582 1419 620; x_wconf 87' lang='lat' dir='ltr'>efficias</span> <span class='ocrx_word' id='word_1_67' title='bbox 1448 596 1513 620; x_wconf 85' lang='lat' dir='ltr'>ne-</span> 
     </span>
     <span class='ocr_line' id='line_1_8' title="bbox 185 646 1512 697; baseline -0.001 -12"><span class='ocrx_word' id='word_1_68' title='bbox 185 661 294 686; x_wconf 87' lang='lat' dir='ltr'>cesse</span> <span class='ocrx_word' id='word_1_69' title='bbox 332 655 400 686; x_wconf 88' lang='grc' dir='ltr'>θεῖ.</span> <span class='ocrx_word' id='word_1_70' title='bbox 460 649 538 686; x_wconf 88' lang='lat' dir='ltr'>Sed</span> <span class='ocrx_word' id='word_1_71' title='bbox 572 647 706 685; x_wconf 84' lang='lat' dir='ltr'>nescio</span> <span class='ocrx_word' id='word_1_72' title='bbox 742 647 837 697; x_wconf 85' lang='lat' dir='ltr'>quid</span> <span class='ocrx_word' id='word_1_73' title='bbox 872 647 1014 686; x_wconf 77' lang='lat' dir='ltr'>videris</span> <span class='ocrx_word' id='word_1_74' title='bbox 1048 647 1228 686; x_wconf 85' lang='lat' dir='ltr'>dubitare</span> <span class='ocrx_word' id='word_1_75' title='bbox 1262 648 1312 685; x_wconf 85' lang='lat' dir='ltr'>de</span> <span class='ocrx_word' id='word_1_76' title='bbox 1345 646 1512 693; x_wconf 87' lang='lat' dir='ltr'>Clodia;</span> 
     </span>
     <span class='ocr_line' id='line_1_9' title="bbox 185 710 1512 761; baseline -0.001 -12"><span class='ocrx_word' id='word_1_77' title='bbox 185 719 315 750; x_wconf 89' lang='lat' dir='ltr'>utrum</span> <span class='ocrx_word' id='word_1_78' title='bbox 336 713 497 761; x_wconf 88' lang='lat' dir='ltr'>quando</span> <span class='ocrx_word' id='word_1_79' title='bbox 517 711 647 750; x_wconf 88' lang='lat' dir='ltr'>veniat</span> <span class='ocrx_word' id='word_1_80' title='bbox 666 725 716 749; x_wconf 86' lang='lat' dir='ltr'>an</span> <span class='ocrx_word' id='word_1_81' title='bbox 738 712 867 751; x_wconf 80' lang='lat' dir='ltr'>sintne</span> <span class='ocrx_word' id='word_1_82' title='bbox 887 714 1073 750; x_wconf 88' lang='lat' dir='ltr'>venales?</span> <span class='ocrx_word' id='word_1_83' title='bbox 1112 712 1189 750; x_wconf 87' lang='lat' dir='ltr'>Sed</span> <span class='ocrx_word' id='word_1_84' title='bbox 1210 710 1306 761; x_wconf 85' lang='lat' dir='ltr'>quid</span> <span class='ocrx_word' id='word_1_85' title='bbox 1326 719 1383 749; x_wconf 81' lang='lat' dir='ltr'>est</span> <span class='ocrx_word' id='word_1_86' title='bbox 1404 712 1512 760; x_wconf 86' lang='lat' dir='ltr'>quod</span> 
     </span>
     <span class='ocr_line' id='line_1_10' title="bbox 184 775 996 825; baseline 0.001 -12"><span class='ocrx_word' id='word_1_87' title='bbox 184 775 304 814; x_wconf 88' lang='lat' dir='ltr'>audio</span> <span class='ocrx_word' id='word_1_88' title='bbox 325 775 573 825; x_wconf 89' lang='lat' dir='ltr'>Spintherem</span> <span class='ocrx_word' id='word_1_89' title='bbox 594 775 732 815; x_wconf 82' lang='lat' dir='ltr'>fecisse</span> <span class='ocrx_word' id='word_1_90' title='bbox 754 776 996 815; x_wconf 83' lang='lat' dir='ltr'>divortium?</span> 
     </span>
    </p>

    <p class='ocr_par' dir='ltr' id='par_1_4' title="bbox 128 840 1553 1021">
     <span class='ocr_line' id='line_1_11' title="bbox 128 840 1553 890; baseline 0.001 -13"><span class='ocrx_word' id='word_1_91' title='bbox 128 854 166 876; x_wconf 91' lang='lat'>10</span> <span class='ocrx_word' id='word_1_92' title='bbox 241 842 303 878; x_wconf 89' lang='lat' dir='ltr'>De</span> <span class='ocrx_word' id='word_1_93' title='bbox 335 841 467 890; x_wconf 82' lang='lat' dir='ltr'>lingua</span> <span class='ocrx_word' id='word_1_94' title='bbox 499 841 640 879; x_wconf 86' lang='lat' dir='ltr'>Latina</span> <span class='ocrx_word' id='word_1_95' title='bbox 677 842 801 880; x_wconf 90' lang='lat' dir='ltr'>securi</span> <span class='ocrx_word' id='word_1_96' title='bbox 842 856 882 880; x_wconf 89' lang='lat' dir='ltr'>es</span> <span class='ocrx_word' id='word_1_97' title='bbox 920 842 1052 880; x_wconf 88' lang='lat' dir='ltr'>animi.</span> <span class='ocrx_word' id='word_1_98' title='bbox 1122 841 1252 887; x_wconf 81' lang='lat' dir='ltr'>Dices,</span> <span class='ocrx_word' id='word_1_99' title='bbox 1286 840 1391 889; x_wconf 87' lang='lat' dir='ltr'>‘Qui</span> <span class='ocrx_word' id='word_1_100' title='bbox 1420 840 1553 882; x_wconf 85' lang='lat' dir='ltr'>talia3</span> 
     </span>
     <span class='ocr_line' id='line_1_12' title="bbox 185 904 1512 958; baseline -0.002 -14"><span class='ocrx_word' id='word_1_101' title='bbox 185 904 450 944; x_wconf 85' lang='lat' dir='ltr'>conscribis?&#39;</span> <span class='ocrx_word' id='word_1_102' title='bbox 507 907 732 958; x_wconf 76' lang='grc' dir='ltr'>Ἀπόγραφα</span> <span class='ocrx_word' id='word_1_103' title='bbox 761 915 862 953; x_wconf 88' lang='lat' dir='ltr'>sunt,</span> <span class='ocrx_word' id='word_1_104' title='bbox 895 906 1046 945; x_wconf 85' lang='lat' dir='ltr'>minore</span> <span class='ocrx_word' id='word_1_105' title='bbox 1074 906 1208 944; x_wconf 89' lang='lat' dir='ltr'>labore</span> <span class='ocrx_word' id='word_1_106' title='bbox 1238 906 1360 952; x_wconf 86' lang='lat' dir='ltr'>fiunt;</span> <span class='ocrx_word' id='word_1_107' title='bbox 1393 905 1512 943; x_wconf 87' lang='lat' dir='ltr'>verba</span> 
     </span>
     <span class='ocr_line' id='line_1_13' title="bbox 185 970 850 1021; baseline 0.005 -14"><span class='ocrx_word' id='word_1_108' title='bbox 185 977 338 1008; x_wconf 83' lang='lat' dir='ltr'>tantum</span> <span class='ocrx_word' id='word_1_109' title='bbox 358 971 493 1009; x_wconf 87' lang='lat' dir='ltr'>adfero</span> <span class='ocrx_word' id='word_1_110' title='bbox 514 970 657 1021; x_wconf 87' lang='lat' dir='ltr'>quibus</span> <span class='ocrx_word' id='word_1_111' title='bbox 677 971 850 1010; x_wconf 90' lang='lat' dir='ltr'>abundo.</span> 
     </span>
    </p>
   </div>
   <div class='ocr_carea' id='block_1_3' title="bbox 228 1118 1235 1241">
    <p class='ocr_par' dir='ltr' id='par_1_5' title="bbox 228 1118 1235 1241">
     <span class='ocr_line' id='line_1_14' title="bbox 228 1118 1235 1162; baseline -0.001 -9"><span class='ocrx_word' id='word_1_112' title='bbox 228 1118 340 1153; x_wconf 83' lang='lat' dir='ltr'>LIII</span> <span class='ocrx_word' id='word_1_113' title='bbox 465 1121 537 1153; x_wconf 79' lang='lat' dir='ltr'>Scr.</span> <span class='ocrx_word' id='word_1_114' title='bbox 553 1124 588 1152; x_wconf 76' lang='grc' dir='ltr'>ιἰι</span> <span class='ocrx_word' id='word_1_115' title='bbox 611 1122 796 1153; x_wconf 83' lang='lat' dir='ltr'>Tusculano</span> <span class='ocrx_word' id='word_1_116' title='bbox 811 1122 850 1153; x_wconf 76' lang='lat' dir='ltr'>xi</span> <span class='ocrx_word' id='word_1_117' title='bbox 861 1122 904 1153; x_wconf 89' lang='lat' dir='ltr'>K.</span> <span class='ocrx_word' id='word_1_118' title='bbox 926 1122 1004 1152; x_wconf 84' lang='lat' dir='ltr'><em>Iun.</em></span> <span class='ocrx_word' id='word_1_119' title='bbox 1021 1132 1052 1153; x_wconf 85' lang='lat' dir='ltr'>a.</span> <span class='ocrx_word' id='word_1_120' title='bbox 1074 1130 1133 1161; x_wconf 88' lang='grc'>709</span> <span class='ocrx_word' id='word_1_121' title='bbox 1153 1119 1235 1162; x_wconf 81' lang='lat'><em>(45).</em></span> 
     </span>
     <span class='ocr_line' id='line_1_15' title="bbox 587 1208 1105 1241; baseline 0 0"><span class='ocrx_word' id='word_1_122' title='bbox 587 1209 757 1241; x_wconf 77' lang='lat' dir='ltr'><em>CICERO</em></span> <span class='ocrx_word' id='word_1_123' title='bbox 788 1209 969 1240; x_wconf 82' lang='lat' dir='ltr'><em>ATTICO</em></span> <span class='ocrx_word' id='word_1_124' title='bbox 999 1208 1105 1241; x_wconf 78' lang='lat' dir='ltr'><strong><em>SAL.</em></strong></span> 
     </span>
    </p>
   </div>
   <div class='ocr_carea' id='block_1_4' title="bbox 124 1295 1514 1736">
    <p class='ocr_par' dir='ltr' id='par_1_6' title="bbox 128 1295 1514 1610">
     <span class='ocr_line' id='line_1_16' title="bbox 128 1295 1510 1350; baseline -0.004 -11"><span class='ocrx_word' id='word_1_125' title='bbox 128 1309 164 1343; x_wconf 84' lang='lat'>15</span> <span class='ocrx_word' id='word_1_126' title='bbox 240 1301 326 1350; x_wconf 86' lang='lat' dir='ltr'>Ego</span> <span class='ocrx_word' id='word_1_127' title='bbox 355 1299 427 1338; x_wconf 87' lang='lat' dir='ltr'>etsi</span> <span class='ocrx_word' id='word_1_128' title='bbox 451 1299 548 1337; x_wconf 82' lang='lat' dir='ltr'>nihil</span> <span class='ocrx_word' id='word_1_129' title='bbox 575 1299 705 1337; x_wconf 87' lang='lat' dir='ltr'>habeo</span> <span class='ocrx_word' id='word_1_130' title='bbox 732 1299 839 1348; x_wconf 88' lang='lat' dir='ltr'>quod</span> <span class='ocrx_word' id='word_1_131' title='bbox 866 1299 917 1336; x_wconf 92' lang='lat' dir='ltr'>ad</span> <span class='ocrx_word' id='word_1_132' title='bbox 944 1305 982 1335; x_wconf 89' lang='lat' dir='ltr'>te</span> <span class='ocrx_word' id='word_1_133' title='bbox 1012 1297 1190 1345; x_wconf 89' lang='lat' dir='ltr'>scribam,</span> <span class='ocrx_word' id='word_1_134' title='bbox 1218 1295 1346 1335; x_wconf 88' lang='lat' dir='ltr'>scribo</span> <span class='ocrx_word' id='word_1_135' title='bbox 1377 1303 1510 1335; x_wconf 88' lang='lat' dir='ltr'>tamen</span> 
     </span>
     <span class='ocr_line' id='line_1_17' title="bbox 185 1360 1509 1414; baseline -0.003 -12"><span class='ocrx_word' id='word_1_136' title='bbox 185 1364 277 1414; x_wconf 89' lang='lat' dir='ltr'>quia</span> <span class='ocrx_word' id='word_1_137' title='bbox 310 1372 441 1404; x_wconf 89' lang='lat' dir='ltr'>tecum</span> <span class='ocrx_word' id='word_1_138' title='bbox 472 1363 581 1414; x_wconf 83' lang='lat' dir='ltr'>loqui</span> <span class='ocrx_word' id='word_1_139' title='bbox 615 1363 759 1402; x_wconf 90' lang='lat' dir='ltr'>videor.</span> <span class='ocrx_word' id='word_1_140' title='bbox 820 1362 901 1400; x_wconf 87' lang='lat' dir='ltr'>Hic</span> <span class='ocrx_word' id='word_1_141' title='bbox 935 1361 1144 1400; x_wconf 89' lang='lat' dir='ltr'>nobiscum</span> <span class='ocrx_word' id='word_1_142' title='bbox 1178 1368 1269 1399; x_wconf 87' lang='lat' dir='ltr'>sunt</span> <span class='ocrx_word' id='word_1_143' title='bbox 1303 1360 1437 1399; x_wconf 85' lang='lat' dir='ltr'>Nicias</span> <span class='ocrx_word' id='word_1_144' title='bbox 1471 1368 1509 1399; x_wconf 91' lang='lat' dir='ltr'>et</span> 
     </span>
     <span class='ocr_line' id='line_1_18' title="bbox 182 1425 1508 1477; baseline -0.003 -9"><span class='ocrx_word' id='word_1_145' title='bbox 182 1430 373 1468; x_wconf 86' lang='lat' dir='ltr'>Valerius.</span> <span class='ocrx_word' id='word_1_146' title='bbox 447 1430 583 1468; x_wconf 88' lang='lat' dir='ltr'>Hodie</span> <span class='ocrx_word' id='word_1_147' title='bbox 621 1438 707 1468; x_wconf 87' lang='lat' dir='ltr'>tuas</span> <span class='ocrx_word' id='word_1_148' title='bbox 740 1428 885 1467; x_wconf 83' lang='lat' dir='ltr'>litteras</span> <span class='ocrx_word' id='word_1_149' title='bbox 924 1427 1247 1477; x_wconf 80' lang='lat' dir='ltr'>exspectabamus</span> <span class='ocrx_word' id='word_1_150' title='bbox 1287 1425 1508 1464; x_wconf 87' lang='lat' dir='ltr'>matutinas.</span> 
     </span>
     <span class='ocr_line' id='line_1_19' title="bbox 186 1489 1514 1544; baseline -0.004 -11"><span class='ocrx_word' id='word_1_151' title='bbox 186 1496 312 1533; x_wconf 91' lang='lat' dir='ltr'>Erunt</span> <span class='ocrx_word' id='word_1_152' title='bbox 338 1497 500 1534; x_wconf 87' lang='lat' dir='ltr'>fortasse</span> <span class='ocrx_word' id='word_1_153' title='bbox 529 1497 672 1533; x_wconf 82' lang='lat' dir='ltr'>alterae</span> <span class='ocrx_word' id='word_1_154' title='bbox 698 1492 1023 1544; x_wconf 86' lang='lat' dir='ltr'>posmeridianae,</span> <span class='ocrx_word' id='word_1_155' title='bbox 1047 1491 1121 1529; x_wconf 87' lang='lat' dir='ltr'>nisi</span> <span class='ocrx_word' id='word_1_156' title='bbox 1145 1498 1183 1529; x_wconf 85' lang='lat' dir='ltr'>te</span> <span class='ocrx_word' id='word_1_157' title='bbox 1205 1489 1427 1540; x_wconf 86' lang='lat' dir='ltr'>Epiroticae</span> <span class='ocrx_word' id='word_1_158' title='bbox 1456 1490 1514 1528; x_wconf 84' lang='lat' dir='ltr'>lit-</span> 
     </span>
     <span class='ocr_line' id='line_1_20' title="bbox 186 1554 1513 1610; baseline -0.005 -12"><span class='ocrx_word' id='word_1_159' title='bbox 186 1567 289 1598; x_wconf 89' lang='lat' dir='ltr'>terae</span> <span class='ocrx_word' id='word_1_160' title='bbox 313 1559 530 1610; x_wconf 86' lang='lat' dir='ltr'>impedient</span> <span class='ocrx_word' id='word_1_161' title='bbox 551 1572 648 1609; x_wconf 83' lang='lat' dir='ltr'>quas</span> <span class='ocrx_word' id='word_1_162' title='bbox 678 1572 751 1608; x_wconf 84' lang='lat' dir='ltr'>ego</span> <span class='ocrx_word' id='word_1_163' title='bbox 781 1571 862 1596; x_wconf 91' lang='lat' dir='ltr'>non</span> <span class='ocrx_word' id='word_1_164' title='bbox 892 1556 1110 1606; x_wconf 89' lang='lat' dir='ltr'>interpello.</span> <span class='ocrx_word' id='word_1_165' title='bbox 1169 1555 1262 1593; x_wconf 84' lang='lat' dir='ltr'>Misi</span> <span class='ocrx_word' id='word_1_166' title='bbox 1289 1555 1339 1593; x_wconf 91' lang='lat' dir='ltr'>ad</span> <span class='ocrx_word' id='word_1_167' title='bbox 1369 1561 1407 1592; x_wconf 90' lang='lat' dir='ltr'>te</span> <span class='ocrx_word' id='word_1_168' title='bbox 1436 1554 1513 1604; x_wconf 83' lang='lat' dir='ltr'>epi-</span> 
     </span>
    </p>

    <p class='ocr_par' dir='ltr' id='par_1_7' title="bbox 124 1619 1512 1736">
     <span class='ocr_line' id='line_1_21' title="bbox 124 1619 1512 1663; baseline -0.004 0"><span class='ocrx_word' id='word_1_169' title='bbox 124 1637 165 1659; x_wconf 82' lang='lat'>20</span> <span class='ocrx_word' id='word_1_170' title='bbox 186 1626 305 1663; x_wconf 87' lang='lat' dir='ltr'>stulas</span> <span class='ocrx_word' id='word_1_171' title='bbox 326 1626 377 1663; x_wconf 90' lang='lat' dir='ltr'>ad</span> <span class='ocrx_word' id='word_1_172' title='bbox 404 1624 652 1663; x_wconf 89' lang='lat' dir='ltr'>Marcianum</span> <span class='ocrx_word' id='word_1_173' title='bbox 684 1631 722 1662; x_wconf 87' lang='grc' dir='ltr'>θῖ</span> <span class='ocrx_word' id='word_1_174' title='bbox 755 1624 806 1662; x_wconf 92' lang='lat' dir='ltr'>ad</span> <span class='ocrx_word' id='word_1_175' title='bbox 836 1624 1086 1661; x_wconf 88' lang='lat' dir='ltr'>Montanum.</span> <span class='ocrx_word' id='word_1_176' title='bbox 1158 1622 1236 1658; x_wconf 89' lang='lat' dir='ltr'>Eas</span> <span class='ocrx_word' id='word_1_177' title='bbox 1267 1619 1307 1658; x_wconf 90' lang='lat' dir='ltr'>in</span> <span class='ocrx_word' id='word_1_178' title='bbox 1340 1620 1512 1658; x_wconf 88' lang='lat' dir='ltr'>eundem</span> 
     </span>
     <span class='ocr_line' id='line_1_22' title="bbox 185 1684 1196 1736; baseline -0.006 -7"><span class='ocrx_word' id='word_1_179' title='bbox 185 1690 415 1729; x_wconf 89' lang='lat' dir='ltr'>fasciculum</span> <span class='ocrx_word' id='word_1_180' title='bbox 436 1689 551 1728; x_wconf 86' lang='lat' dir='ltr'>velim</span> <span class='ocrx_word' id='word_1_181' title='bbox 572 1690 706 1736; x_wconf 91' lang='lat' dir='ltr'>addas,</span> <span class='ocrx_word' id='word_1_182' title='bbox 730 1688 804 1726; x_wconf 86' lang='lat' dir='ltr'>nisi</span> <span class='ocrx_word' id='word_1_183' title='bbox 825 1689 923 1726; x_wconf 88' lang='lat' dir='ltr'>forte</span> <span class='ocrx_word' id='word_1_184' title='bbox 943 1686 1021 1725; x_wconf 90' lang='lat' dir='ltr'>iam</span> <span class='ocrx_word' id='word_1_185' title='bbox 1041 1684 1196 1725; x_wconf 87' lang='lat' dir='ltr'>dedisti.</span> 
     </span>
    </p>
   </div>
   <div class='ocr_carea' id='block_1_5' title="bbox 189 1789 1512 1876">
    <p class='ocr_par' dir='ltr' id='par_1_8' title="bbox 189 1789 1512 1876">
     <span class='ocr_line' id='line_1_23' title="bbox 233 1789 1512 1835; baseline -0.008 -8"><span class='ocrx_word' id='word_1_186' title='bbox 233 1807 273 1827; x_wconf 90' lang='lat'>10</span> <span class='ocrx_word' id='word_1_187' title='bbox 297 1800 350 1826; x_wconf 84' lang='lat' dir='ltr'>est</span> <span class='ocrx_word' id='word_1_188' title='bbox 367 1794 409 1825; x_wconf 91' lang='lat' dir='ltr'><em>M</em></span> <span class='ocrx_word' id='word_1_189' title='bbox 426 1794 596 1835; x_wconf 80' lang='lat' dir='ltr'>(superscr.</span> <span class='ocrx_word' id='word_1_190' title='bbox 619 1793 691 1824; x_wconf 83' lang='lat' dir='ltr'>‘vel</span> <span class='ocrx_word' id='word_1_191' title='bbox 713 1792 806 1831; x_wconf 68' lang='lat' dir='ltr'>es&#39;):</span> <span class='ocrx_word' id='word_1_192' title='bbox 832 1797 906 1822; x_wconf 87' lang='lat' dir='ltr'>esto</span> <span class='ocrx_word' id='word_1_193' title='bbox 933 1791 1062 1821; x_wconf 81' lang='lat' dir='ltr'>mavult</span> <span class='ocrx_word' id='word_1_194' title='bbox 1080 1789 1165 1820; x_wconf 83' lang='lat' dir='ltr'>Boot</span> <span class='ocrx_word' id='word_1_195' title='bbox 1321 1798 1360 1819; x_wconf 87' lang='lat'>12</span> <span class='ocrx_word' id='word_1_196' title='bbox 1383 1792 1512 1818; x_wconf 86' lang='lat' dir='ltr'>tantum</span> 
     </span>
     <span class='ocr_line' id='line_1_24' title="bbox 189 1832 1512 1876; baseline -0.006 -6"><span class='ocrx_word' id='word_1_197' title='bbox 189 1838 232 1870; x_wconf 89' lang='lat' dir='ltr'>C:</span> <span class='ocrx_word' id='word_1_198' title='bbox 257 1843 369 1869; x_wconf 89' lang='lat' dir='ltr'>tamen</span> <span class='ocrx_word' id='word_1_199' title='bbox 386 1837 428 1868; x_wconf 94' lang='lat' dir='ltr'><em>M</em></span> <span class='ocrx_word' id='word_1_200' title='bbox 670 1837 709 1867; x_wconf 91' lang='lat'>18</span> <span class='ocrx_word' id='word_1_201' title='bbox 734 1835 1009 1876; x_wconf 83' lang='lat' dir='ltr'>posmeridianae</span> <span class='ocrx_word' id='word_1_202' title='bbox 1026 1833 1124 1873; x_wconf 55' lang='lat' dir='ltr'>codd„</span> <span class='ocrx_word' id='word_1_203' title='bbox 1144 1833 1181 1873; x_wconf 75' lang='lat' dir='ltr'>cfi</span> <span class='ocrx_word' id='word_1_204' title='bbox 1204 1832 1296 1864; x_wconf 85' lang='lat' dir='ltr'>Orat.</span> <span class='ocrx_word' id='word_1_205' title='bbox 1317 1841 1396 1872; x_wconf 90' lang='lat'>157:</span> <span class='ocrx_word' id='word_1_206' title='bbox 1421 1836 1512 1871; x_wconf 83' lang='lat' dir='ltr'>post-</span> 
     </span>
    </p>
   </div>
   <div class='ocr_carea' id='block_1_6' title="bbox 186 1881 497 1922">
    <p class='ocr_par' dir='ltr' id='par_1_9' title="bbox 186 1881 497 1922">
     <span class='ocr_line' id='line_1_25' title="bbox 186 1881 497 1922; baseline -0.006 -9"><span class='ocrx_word' id='word_1_207' title='bbox 186 1883 392 1914; x_wconf 82' lang='lat' dir='ltr'>meridianae</span> <span class='ocrx_word' id='word_1_208' title='bbox 408 1881 497 1922; x_wconf 84' lang='lat' dir='ltr'><strong><em>vulg.</em></strong></span> 
     </span>
    </p>
   </div>
  </div>
 </body>
</html>
