1827 2798
557 148 669 185 EPP.
702 148 779 184 AD
810 148 1067 187 ATTICVM
1413 147 1523 184 XIV.
1548 147 1625 183 xiv

159 264 196 295 te
222 256 367 295 litteras
392 268 432 295 vl
459 258 546 295 Kal.
571 257 662 296 satis
690 257 820 296 multis
848 258 985 304 verbis,
1009 258 1130 297 tribus
1158 259 1235 296 fere
1263 256 1366 296 horis
1394 265 1482 307 post

156 320 292 370 accepi
324 329 408 359 tuas
441 329 478 359 et
513 321 643 372 magni
675 321 836 371 quidem
872 322 1067 371 ponderis.
1133 324 1272 371 Itaque
1302 321 1387 360 ioca
1416 329 1484 360 tua

157 388 273 435 plena
303 385 530 424 facetiarum
565 388 614 424 de
649 386 798 424 haeresi
823 386 1056 424 Vestoriana
1076 394 1113 424 et
1140 387 1190 425 de
1215 386 1482 427 †Pherionum

156 456 288 490 morel·
310 453 529 490 Puteolano
546 451 673 489 risisse
694 464 757 489 me
778 450 869 489 satis
891 451 987 489 nihil
1003 459 1060 490 est
1078 464 1238 490 necesse
1259 452 1479 491 rescribere.

118 531 133 560 5
157 518 431 568 Πολιτικώτερα
451 517 516 555 illa
535 517 749 555 videamus
1471 567 1476 572 ι

210 583 271 620 Ita
303 583 445 620 Brutos
485 581 747 631 Cassiumque
785 581 965 620 defendis
1000 581 1111 631 quasi
1145 594 1212 620 eos
1252 595 1324 632 ego
1359 594 1524 632 repre-2

154 647 326 684 hendam
342 660 352 693 3
382 659 481 696 quos
503 645 594 683 satis
615 646 773 684 laudare
794 659 874 683 non
895 659 1067 696 possum.
1128 647 1275 684 Rerum
1297 660 1369 696 ego
1390 647 1481 685 vitia

154 710 318 760 conlegi,
344 724 426 748 non
457 709 675 748 hominum.
745 711 908 749 Sublato
942 710 1047 748 enim
1080 718 1244 760 tyranno
1277 712 1482 760 tyrannida

155 789 312 814 manere
338 775 465 814 video.
531 777 634 813 Nam
665 788 766 825 quae
796 775 859 813 ille
890 776 1059 813 facturus
1089 788 1169 813 non
1200 775 1270 813 fuit
1295 789 1340 814 ea
1370 777 1479 823 fiunt,

155 849 195 878 ut
235 842 284 879 de
324 840 469 880 Clodio
512 841 562 879 de
604 853 683 890 quo
732 840 826 878 mihi
872 841 1115 890 exploratum
1159 848 1216 878 est
1252 840 1360 879 illum
1401 855 1480 879 non

154 908 275 944 modo
296 920 377 944 non
402 907 593 944 facturum
623 907 691 944 sed
713 906 829 945 etiam
856 920 906 944 ne
934 919 1138 956 passurum
1161 906 1320 956 quidem
1350 907 1477 945 fuisse.

153 973 346 1022 Sequetur
390 973 509 1010 Rufio
548 971 815 1018 Vestorianus‚
852 971 988 1009 Victor
1036 985 1252 1020 numquam
1302 972 1476 1021 scriptus,

152 1036 281 1083 ceteri,
311 1036 398 1086 quis
431 1038 541 1075 non?
589 1036 664 1075 Cui
699 1036 839 1074 servire
871 1036 943 1086 ipsi
982 1037 1062 1073 non
1094 1035 1294 1085 potuimus
1329 1035 1411 1074 eius
1442 1036 1481 1074 li-

154 1101 264 1139 bellis
295 1115 487 1151 paremus.
549 1103 652 1139 Nam
681 1100 926 1138 Liberalibus
957 1099 1043 1149 quis
1073 1099 1199 1149 potuit
1231 1099 1269 1136 in
1300 1108 1479 1137 senatum

114 1180 232 1211 5non
264 1167 426 1205 venire?
475 1168 552 1204 Fac
586 1166 626 1205 id
660 1166 835 1216 potuisse
868 1165 1001 1215 aliquo
1036 1166 1182 1212 mod0;
1221 1179 1315 1202 num
1349 1165 1482 1212 etiam,

151 1245 241 1270 cum
263 1231 516 1277 venissemus,
536 1231 656 1270 libere
677 1231 877 1281 potuimus
901 1229 1135 1268 sententiam
1157 1230 1316 1269 dicere?
1346 1243 1480 1268 nonne

150 1296 259 1335 omni
297 1297 447 1335 ratione
485 1296 657 1335 veterani
697 1296 762 1346 qui
801 1296 938 1333 armati
977 1296 1139 1333 aderant
1178 1308 1268 1333 cum
1308 1295 1478 1345 praesidi

150 1375 221 1400 nos
251 1362 348 1400 nihil
369 1363 603 1401 haberemus
624 1361 865 1401 defendendi
886 1362 1071 1399 fuerunt?
1120 1362 1234 1398 Illam
1262 1361 1477 1399 sessionem

150 1428 415 1478 Capitolinam
445 1428 542 1466 mihi
572 1442 653 1466 non
680 1427 872 1478 placuisse
900 1435 941 1465 tu
969 1426 1076 1464 testis
1106 1439 1158 1464 es.
1219 1426 1327 1474 Quid
1358 1429 1479 1476 ergo?

150 1493 221 1531 ista
241 1496 356 1544 culpa
373 1495 614 1532 Brutorum?
663 1492 830 1531 Minime
852 1492 1005 1529 illorum
1027 1491 1188 1541 quidem
1219 1493 1287 1529 sed
1313 1491 1477 1530 aliorum

149 1558 352 1596 brutorum
380 1559 446 1608 qui
478 1572 518 1597 se
548 1566 684 1596 cautos
718 1571 764 1595 ac
799 1556 984 1606 sapientis
1013 1564 1176 1606 putant;
1212 1556 1354 1606 quibus
1385 1556 1477 1594 satis

148 1623 218 1661 fuit
250 1623 393 1670 laetari,
427 1637 507 1662 non
548 1623 662 1661 nullis
702 1622 818 1661 etiam
858 1621 1048 1671 gratulari,
1083 1621 1198 1659 nullis
1233 1635 1472 1671 permanere.

148 1688 225 1726 Sed
260 1688 465 1738 praeterita
499 1688 750 1735 omittamus;
792 1687 886 1725 istos
926 1685 1034 1724 omni
1073 1699 1164 1723 cura
1199 1686 1516 1736 praesidioque3

148 1760 326 1791 tueamur
353 1761 401 1799 et,
425 1766 543 1803 quem
573 1754 624 1791 ad
651 1754 814 1790 modum
843 1759 883 1789 tu
912 1750 1116 1801 praecipis,
1136 1750 1311 1788 contenti
1335 1751 1473 1788 Idibus

91 1828 127 1858 -5
149 1817 300 1856 Martiis
335 1818 483 1866 simus3
523 1831 624 1867 quae
663 1816 824 1866 quidem
863 1815 1004 1853 nostris
1042 1814 1178 1852 amicis
1213 1814 1354 1853 divinis
1386 1815 1475 1853 viris

146 1882 296 1920 aditum
335 1885 385 1921 ad
419 1884 572 1921 caelum
611 1883 814 1927 dederunt,
848 1881 1066 1919 libertatem
1105 1881 1254 1930 populo
1290 1882 1474 1919 Romano

147 1959 226 1984 non
248 1949 452 1985 dederunt.
514 1948 737 1985 Recordare
762 1953 838 1983 tua.
899 1947 1044 1982 Nonne
1073 1944 1285 1982 meministi
1306 1946 1474 1983 clamare

146 2018 183 2049 te
213 2011 347 2049 omnia
375 2012 520 2061 perisse
550 2011 581 2049 si
608 2011 671 2049 ille
702 2012 835 2048 funere
865 2012 988 2047 elatus
1024 2011 1154 2047 esset?
1202 2009 1405 2059 Sapienter
1433 2010 1472 2048 id

146 2075 318 2124 quidem.
379 2078 518 2125 Itaque
543 2089 588 2113 ex
615 2089 663 2113 eo
690 2088 790 2124 quae
818 2073 1011 2111 manarint
1031 2073 1151 2111 vides.

201 2142 314 2188 Quae
335 2140 470 2178 scribis
493 2143 542 2178 K.
563 2140 686 2178 Iuniis
707 2138 926 2177 Antonium
948 2139 998 2175 de
1018 2137 1227 2187 provinciis
1248 2139 1469 2185 relaturum,
1491 2149 1516 2186 4

146 2212 186 2242 ut
217 2212 254 2243 et
281 2206 364 2255 ipse
395 2205 540 2244 Gallias
570 2205 712 2243 habeat
742 2212 780 2242 et
807 2203 981 2252 utrisque
1010 2203 1093 2240 dies
1124 2211 1362 2253 prorogetur,
1385 2203 1472 2242 lice-

188 2319 207 2348 3
233 2308 455 2348 Pherionum]
470 2308 613 2347 φυσικῶν
630 2307 734 2338 Reid:
761 2307 932 2337 rhetorum
953 2305 1073 2336 Gurlt'lt
1223 2316 1257 2336 11
1284 2307 1384 2337 etiam
1402 2307 1469 2338 secl.

146 2352 239 2382 Beier
364 2363 401 2382 12
436 2353 537 2382 Rufio
563 2351 681 2382 Mam:
718 2351 808 2381 Rufo
837 2349 878 2380 M
1011 2360 1048 2388 14
1081 2349 1137 2389 qui
1164 2351 1257 2389 potui
1284 2351 1361 2381 com'.
1390 2350 1476 2381 Boot

146 2406 186 2434 24
212 2396 379 2436 praecipis
399 2394 581 2427 CEOM²s2
606 2395 693 2436 petis
710 2394 760 2424 M¹
784 2394 872 2425 Crat.
