1827 2798
156 144 275 181 x111.
296 154 388 180 xxx
671 143 725 179 M.
759 140 927 177 TVLLI
959 138 1266 178 CICERONIS
1320 108 1327 116 ⁸

309 254 485 293 biduum.
545 252 610 290 Ab
631 265 677 289 ea
697 250 822 300 igitur,
844 256 887 288 ut
908 249 1055 297 scribis,
1078 256 1115 287 et
1135 248 1251 287 velim
1276 248 1458 286 confecto
1479 246 1636 296 negotio

310 318 527 357 Faberiano
545 330 555 364 3
595 329 714 366 quem
747 315 909 365 quidem
948 321 1063 364 negat
1103 315 1201 352 Eros
1240 312 1371 359 hodie,
1404 325 1488 350 cras
1522 324 1638 349 mane

309 390 429 433 putat.
488 383 525 419 A
548 388 586 419 te
607 381 797 419 colendus
818 387 875 418 est
893 394 902 427 3
936 379 1032 417 istae
1057 386 1190 417 autem
1212 381 1399 417 κολακεῖαι
1422 390 1503 415 non
1523 378 1639 426 longe

308 449 451 485 absunt
471 460 494 484 a
514 447 669 485 scelere.
726 448 785 493 Te,
809 453 851 483 ut
872 458 996 495 spero,
1019 443 1215 494 perendie.

199 527 222 553 2
237 518 287 559 (3)
365 511 435 558 Mi,
477 511 642 550 sicunde
680 518 804 561 potes,
846 524 957 548 erues
1002 509 1069 560 qui
1107 510 1247 547 decern
1286 506 1402 559 legati
1442 506 1640 545 Mummio
1661 519 1678 550 5

310 577 462 615 fuerint.
523 575 709 626 Polybius
749 590 830 613 non
869 574 1058 613 nominat.
1124 576 1210 624 Ego
1248 573 1411 612 memini
1449 571 1641 610 Albinum

310 643 557 680 consularem
578 649 616 680 et
637 643 700 691 Sp.
726 640 995 688 Mummium5
1024 639 1160 677 videor
1179 638 1336 677 audisse
1357 652 1403 676 ex
1425 636 1642 676 Hortensio

311 707 568 745 Tuditanum.
630 707 708 745 Sed
728 705 768 743 in
791 705 954 743 Libonis
975 704 1106 742 annali
1126 716 1221 741 XIIII
1243 703 1356 742 annis
1380 710 1470 753 post
1490 708 1644 752 praetor

311 780 370 811 est
401 773 525 809 factus
557 771 780 808 Tuditanus
812 783 931 820 quam
966 770 1104 807 consul
1137 768 1367 807 Mummius.
1427 769 1521 806 Non
1551 778 1645 805 sane

313 838 489 887 quadrat.
548 837 653 874 Volo
679 835 851 885 aliquem
882 834 1090 884 Olympiae
1117 841 1183 871 aut
1210 833 1279 872 ubi
1299 832 1426 871 visum
1454 832 1646 871 πολιτικὸν
1667 846 1706 868 10

313 903 507 954 σύλλογον
527 914 636 939 more
658 899 890 938 Dicaearchi
910 898 1107 937 familiaris
1127 898 1194 936 tui.

359 1047 514 1084 XXXI
604 1049 674 1082 Ser.
694 1050 728 1080 z'n
751 1048 935 1080 Tusculmzo
953 1060 972 1079 v
988 1047 1029 1080 K.
1049 1048 1124 1079 Iun.
1144 1058 1173 1079 a.
1200 1057 1257 1087 709
1278 1047 1356 1088 (45).

723 1136 896 1169 CICERO
925 1136 1108 1167 ATTICO
1136 1135 1243 1167 SAL.

281 1243 298 1270 1
372 1242 397 1267 v
433 1229 521 1267 Kal.
555 1240 672 1266 mane
704 1226 839 1276 accepi
873 1239 896 1264 a
931 1228 1083 1264 Demea
1120 1225 1264 1263 litteras
1296 1224 1421 1274 pridie
1455 1225 1565 1263 datas
1605 1238 1650 1262 ex

318 1294 462 1345 quibus
486 1300 553 1331 aut
579 1292 699 1331 hodie
727 1299 795 1329 aut
818 1304 901 1329 cras
929 1295 962 1327 te
990 1297 1214 1339 exspectare
1239 1289 1436 1327 deberem.
1496 1290 1585 1336 Sed,
1609 1297 1651 1327 ut
1675 1305 1710 1336 15

319 1359 469 1410 opinor,
496 1358 603 1396 idem
624 1370 697 1407 ego
717 1355 784 1406 qui
811 1362 996 1405 exspecto
1022 1362 1134 1393 tuum
1161 1356 1376 1393 adventum
1398 1356 1581 1394 morabor
1601 1363 1648 1393 te.

321 1426 414 1463 Non
435 1422 540 1462 enim
562 1429 658 1472 puto
685 1429 765 1459 tam
792 1420 1020 1470 expeditum
1043 1419 1304 1458 Faberianum
1332 1420 1532 1470 negotium
1554 1422 1654 1459 futu-

321 1503 418 1537 rum,
454 1488 572 1527 etiam
605 1487 636 1525 si
668 1493 726 1525 est
759 1487 933 1525 futurum
968 1492 1010 1523 ut
1045 1499 1119 1523 non
1151 1485 1295 1523 habeat
1328 1485 1476 1536 aliquid
1508 1498 1651 1524 morae.

278 1568 303 1597 2
323 1556 426 1594 Cum
456 1552 601 1603 poteris
630 1551 755 1602 igitur.
815 1550 1017 1600 Quoniam
1046 1550 1263 1589 etiamnum
1292 1551 1396 1598 abes,
1422 1550 1655 1589 Dicaearchi

322 1633 423 1670 quos
444 1617 580 1657 scribis
604 1616 723 1655 libros
751 1629 844 1654 sane
865 1616 981 1654 velim
1008 1615 1061 1653 mi
1089 1615 1229 1662 mittas,
1253 1617 1376 1655 addas
1404 1616 1521 1655 etiam
1547 1634 1655 1655 κατα·
1676 1631 1715 1653 20

322 1687 481 1735 βάσεως.

281 1764 305 1800 3
381 1752 442 1788 De
469 1749 636 1799 epistula
661 1750 712 1787 ad
733 1750 943 1788 Caesarem
975 1752 1147 1801 κέκρικα;
1180 1759 1298 1801 atque
1328 1751 1368 1790 id
1398 1750 1526 1802 ipsum
1548 1751 1656 1801 quod

326 1815 387 1854 isti
407 1815 516 1853 aiunt
537 1814 646 1852 illum
668 1814 846 1861 scribere,
871 1829 911 1853 se
936 1815 1010 1854 nisi
1032 1816 1253 1854 constitutis
1274 1817 1390 1855 rebus
1411 1831 1491 1855 non
1512 1816 1655 1854 iturum

326 1882 365 1919 in
402 1882 576 1926 Parthos,
610 1880 716 1918 idem
751 1894 824 1930 ego
859 1882 1075 1919 suadebam
1110 1881 1149 1919 in
1182 1881 1246 1919 illa
1279 1881 1456 1931 epistula.
1515 1882 1655 1919 Vtrum

327 1947 464 1985 liberet
494 1947 620 1984 facere
646 1959 762 1996 posse
788 1954 948 1984 auctore
978 1960 1051 1984 me.
1113 1948 1205 1985 Hoc
1235 1947 1340 1985 enim
1368 1947 1431 1985 ille
1459 1954 1656 1997 exspectat
1679 1957 1693 1978 2

375 2064 385 2082 1
413 2053 515 2084 biduo
535 2053 724 2093 Wesenberg
811 2063 839 2092 3.
855 2065 873 2091 4
899 2053 929 2083 A
944 2057 971 2083 ct
980 2053 1028 2083 Te
1040 2052 1114 2083 add.
1131 2057 1199 2083 vett.
1301 2065 1330 2093 4,
1345 2064 1362 2092 5
1389 2054 1562 2092 perendie.
1610 2053 1656 2083 Mi

330 2096 449 2127 Rosius
467 2098 520 2137 (ex
535 2096 602 2136 Z):
630 2097 828 2136 perendiem
848 2096 887 2126 M
1017 2106 1036 2135 5
1061 2107 1158 2127 erues
1176 2091 1220 2126 Zb
1236 2100 1323 2127 velih:
1355 2107 1476 2127 eruere
1494 2098 1553 2128 M:
1578 2108 1659 2128 erue

330 2140 445 2171 Baiter
534 2151 573 2171 10
599 2141 781 2180 Olympiae
797 2142 844 2182 (-a
860 2139 920 2178 M)
940 2145 996 2171 aut
1014 2141 1068 2170 ubi
1086 2140 1194 2170 visum
1207 2140 1249 2170 M
1263 2140 1358 2171 Man.
1374 2153 1380 2172 ς
1406 2141 1586 2180 Olympiae
1604 2145 1660 2171 aut

332 2185 440 2214 ubivis
457 2185 604 2215 habitum
621 2184 771 2215 Schmidt
902 2194 939 2223 15
964 2189 997 2214 te
1014 2184 1089 2214 add.
1111 2184 1209 2215 Rom.
1345 2184 1383 2213 18
1409 2195 1474 2215 non
1493 2184 1567 2215 add.
1585 2188 1656 2215 vett.

335 2238 374 2266 19
391 2229 573 2258 etiamnum
592 2229 686 2258 velet
705 2229 769 2259 iam
788 2239 877 2258 nunc
890 2228 967 2258 coni.
986 2227 1105 2257 Orelli:
1130 2227 1311 2258 etiamdum
1329 2227 1415 2258 crdd.
1509 2238 1550 2258 22
1567 2229 1659 2267 atqui

336 2270 524 2312 Wesenbmg
612 2282 653 2310 24
678 2276 752 2302 (mle
768 2273 950 2302 suadebam
973 2271 1047 2301 add.
1069 2281 1206 2310 semper
1220 2271 1261 2302 J:
1281 2274 1358 2311 post
1378 2272 1558 2302 suadebam
1587 2274 1661 2307 (sua

333 2316 496 2346 debebam
522 2316 588 2349 M¹i
614 2316 689 2347 add.
714 2317 773 2346 sed
799 2316 964 2345 addebam
987 2314 1137 2345 Schmidt
1234 2314 1378 2353 epistula
1403 2320 1514 2345 utrum
1542 2315 1661 2345 liberet

334 2360 480 2390 faceret:
515 2369 617 2398 posse
649 2358 767 2389 Lamb.
785 2371 792 2390 ε
823 2359 988 2397 epistula:
1023 2359 1086 2395 sin,
1115 2364 1225 2389 utrum
1259 2359 1390 2396 liberet,
1419 2359 1528 2389 facere
1561 2368 1662 2396 posse

339 2401 549 2442 Wesenbetg:
572 2403 653 2442 fort.
680 2401 771 2444 (sic)
791 2403 974 2432 suadebam
1000 2402 1032 2431 in
1058 2403 1112 2432 illa
1137 2402 1283 2441 epistula
1307 2401 1387 2444 (ut)
1411 2407 1519 2432 utrum
1542 2401 1662 2432 liberet

336 2446 446 2477 facere
462 2451 575 2486 posset
594 2447 699 2486 (qnod
711 2445 798 2476 codd.
817 2445 934 2476 habent
950 2449 1083 2485 posset)
