1827 2798
198 157 293 194 XII.
312 155 391 194 xxi
711 155 766 192 M.
799 154 969 191 TVLLI
1001 148 1308 192 CICERONIS

347 279 471 305 unum
497 273 534 304 te
558 263 678 315 pluris
705 277 824 314 quam
854 262 984 302 omnis
1011 262 1098 301 illos
1125 270 1272 313 putem.
1332 264 1395 302 Ne
1424 276 1488 302 me
1514 262 1676 313 quidem

347 338 562 369 contemno
584 342 754 379 meoque
782 328 929 367 iudicio
950 329 1075 366 multo
1102 336 1203 367 stare
1232 329 1337 367 malo
1358 341 1477 378 quam
1498 328 1677 367 omnium

346 395 598 445 reliquorum.
659 396 801 444 Neque
831 401 963 432 tamen
994 393 1221 444 progredior
1251 393 1406 443 longius
1432 407 1551 443 quam
1581 391 1679 430 mihi

346 460 565 498 doctissimi
586 459 768 498 homines
785 460 1011 497 concedunt
1026 472 1036 506 3
1065 472 1233 508 quorum
1255 458 1399 508 scripta
1414 458 1547 497 onmia
1563 470 1679 507 quae-

347 538 519 574 cumque
541 532 631 562 sunt
653 524 691 561 in
709 537 795 562 eam
818 523 1054 562 sententiam
1072 537 1153 561 non
1169 523 1244 573 legi
1263 525 1402 570 solum,
1418 524 1526 573 quod
1547 522 1677 572 ipsum
1698 532 1716 566 5

346 598 429 629 erat
457 590 566 628 fortis
597 589 755 640 aegroti,
783 589 963 640 accipere
992 589 1247 636 medicinam,
1272 590 1343 627 sed
1372 588 1413 626 in
1441 602 1529 626 mea
1559 587 1677 626 etiarn

346 656 490 706 scripta
528 655 720 703 transtuli,
751 657 859 705 quod
899 662 1005 693 certe
1043 654 1191 693 adflicti
1226 661 1265 692 et
1297 653 1407 692 fracti
1439 652 1561 691 animi
1595 666 1678 691 non

345 721 427 759 fuit.
486 721 552 759 Ab
573 720 634 758 his
655 734 718 759 me
745 720 930 759 remediis
957 720 1039 758 noli
1066 720 1106 758 in
1133 720 1247 758 istam
1276 720 1432 757 turbam
1452 731 1604 765 vocare,
1627 730 1678 756 ne

344 786 529 826 recidam.

387 931 523 966 XXII
672 934 742 967 Scr.
758 934 907 965 Asturae
921 945 965 965 xv
981 934 1024 965 K.
1044 934 1128 975 Apr.
1145 945 1177 966 a.
1200 945 1260 976 709
1277 934 1361 975 (45).
1699 940 1737 963 10

748 1023 919 1055 CICERO
950 1023 1136 1055 ATTICO
1165 1022 1271 1054 SAL.

308 1123 328 1152 1
403 1114 466 1151 De
481 1112 666 1151 Terentia
683 1113 791 1162 quod
813 1112 909 1149 mihi
930 1125 1049 1150 omne
1065 1126 1164 1150 onus
1181 1111 1365 1161 imponis,
1380 1124 1460 1150 non
1477 1124 1677 1161 cognosco

345 1184 453 1216 tuam
475 1177 514 1215 in
537 1192 599 1216 me
620 1176 916 1227 indulgentiam.
968 1178 1049 1214 Ista
1064 1176 1169 1215 enirn
1191 1184 1282 1214 sunt
1302 1176 1386 1226 ipsa
1402 1178 1563 1215 vulnera
1575 1190 1677 1226 quae

346 1256 427 1281 non
449 1256 610 1293 possum
629 1250 791 1280 tractare
812 1242 898 1280 sine
918 1241 1090 1279 maximo
1105 1241 1263 1291 gemitu.
1318 1243 1527 1280 Moderare
1549 1242 1674 1292 igitur,

347 1320 505 1357 quaeso,
523 1316 564 1344 ut
582 1314 703 1356 potes.
756 1307 899 1355 Neque
915 1305 1020 1344 enim
1036 1319 1059 1343 a
1075 1313 1113 1343 te
1128 1307 1215 1355 plus
1233 1319 1351 1355 quam
1370 1313 1482 1355 potes
1505 1308 1673 1356 postulo.
1700 1323 1736 1354 15

303 1382 328 1410 2
348 1374 465 1410 Potes
492 1380 624 1409 autem
652 1370 748 1420 quid
769 1370 848 1408 veri
876 1370 924 1408 sit
950 1370 1170 1420 perspicere
1196 1378 1238 1407 tu
1269 1384 1381 1408 unus.
1444 1373 1506 1409 De
1529 1371 1678 1410 Rutilia

346 1436 534 1487 quoniam
567 1436 709 1474 videris
744 1435 936 1481 dubitare,
968 1435 1114 1473 scribes
1151 1436 1202 1473 ad
1242 1448 1306 1473 me
1345 1449 1436 1474 cum
1477 1436 1575 1475 scies
1607 1439 1677 1476 sed

345 1515 464 1552 quam
490 1501 671 1551 primum,
695 1507 733 1538 et
758 1513 853 1537 num
880 1499 1022 1538 Clodia
1044 1501 1092 1536 D.
1118 1501 1239 1537 Bruto
1268 1500 1463 1538 consulari
1494 1501 1575 1539 filio
1604 1515 1676 1539 suo

346 1575 502 1605 mortuo
536 1565 681 1604 vixerit.
743 1566 791 1603 Id
826 1566 876 1602 de
912 1566 1103 1602 Marcello
1141 1572 1209 1603 aut
1247 1573 1352 1604 certe
1387 1567 1437 1604 de
1472 1566 1676 1605 Postumia

345 1632 433 1670 sciri
463 1639 603 1682 potest,
632 1631 727 1669 illud
757 1638 889 1668 autem
919 1631 969 1668 de
998 1631 1054 1668 M.
1079 1631 1198 1669 Cotta
1226 1638 1294 1670 aut
1323 1633 1374 1670 de
1404 1633 1500 1681 Syro
1528 1639 1595 1670 aut
1625 1633 1675 1671 de
1696 1648 1737 1671 20

346 1699 493 1746 Satyro.

301 1770 327 1808 3
402 1764 463 1800 De
484 1761 606 1799 hortis
627 1761 744 1799 etiam
765 1768 885 1810 atque
901 1760 1019 1799 etiam
1041 1776 1145 1813 rogo.
1197 1763 1396 1802 Omnibus
1412 1762 1510 1801 meis
1526 1776 1677 1802 eorum·

344 1841 422 1877 que
449 1841 548 1877 quos
576 1827 657 1865 scio
685 1826 781 1864 mihi
808 1840 889 1864 non
918 1828 1121 1866 defuturos
1149 1829 1401 1867 facultatibus
1423 1829 1510 1880 (sed
1537 1836 1676 1879 potero

343 1892 459 1943 meis)
480 1892 711 1930 enitendum
734 1890 830 1928 mihi
852 1899 920 1930 est.
983 1894 1082 1931 Sunt
1102 1892 1220 1931 etiam
1242 1907 1343 1943 quae
1363 1895 1534 1932 vendere
1561 1893 1675 1931 facile

342 1957 502 2008 possim.
562 1958 640 1995 Sed
662 1964 703 1994 ut
729 1970 809 1995 non
832 1958 1003 1996 vendam
1031 1957 1146 2008 eique
1171 1972 1327 1996 usuram
1356 1960 1529 2009 pendam
1550 1972 1573 1997 a
1593 1972 1674 2008 quo
1697 1970 1735 2003 25

343 2035 476 2060 emero
506 2035 585 2059 non
617 2023 704 2071 plus
735 2035 895 2068 annum,
922 2035 1085 2072 possum
1115 2023 1280 2073 adsequi
1307 2025 1416 2073 quod
1443 2025 1544 2069 volo,
1572 2022 1603 2061 si
1633 2030 1675 2061 tu

344 2100 407 2125 me
433 2086 607 2125 adiuvas.
668 2086 907 2125 Paratissimi
933 2095 1023 2125 sunt
1055 2087 1173 2125 Drusi
1188 2103 1197 2136 3
1227 2088 1335 2138 cupit
1359 2088 1464 2126 enim
1491 2089 1674 2126 vendere.

343 2152 547 2190 Proximos
583 2159 680 2202 puto
714 2152 899 2200 Lamiae3
940 2153 1010 2191 sed
1043 2153 1166 2191 abest.
1238 2155 1301 2192 Tu
1337 2161 1480 2200 tamen,
1512 2153 1544 2191 si
1579 2153 1675 2203 quid

342 2224 466 2267 poteS‚
485 2219 662 2256 odorare.
723 2219 785 2255 Ne
813 2217 929 2256 Silius
957 2217 1118 2267 quidem
1143 2218 1357 2269 quicquam
1381 2219 1502 2257 utitur
1521 2222 1583 2256 †et
1606 2218 1675 2257 iis†

343 2282 469 2319 usuris
505 2282 690 2320 facillime
722 2282 1014 2321 sustentabitur.
1076 2284 1196 2322 Habe
1225 2291 1337 2321 tuum
1367 2282 1569 2333 negotium
1600 2295 1674 2320 nec
1695 2293 1736 2326 30

390 2395 431 2414 22
457 2389 490 2414 te
508 2394 591 2423 rogo
608 2378 656 2413 Zb
676 2384 762 2415 Crat.
871 2395 913 2424 29
939 2391 971 2416 et
989 2384 1044 2416 iis*
1064 2390 1098 2416 et
1115 2385 1249 2417 Baiter:
1273 2386 1344 2416 suis
1362 2390 1396 2416 et
1413 2385 1441 2416 is
1463 2384 1651 2426 lVescnberg
1667 2396 1674 2416 :

343 2433 378 2458 et
395 2428 479 2458 meis
496 2426 650 2458 Sclnm'dt
668 2427 733 2458 coll.
753 2427 784 2459 ll.
806 2438 858 2467 22,
879 2439 921 2467 24
