1827 2798
602 171 714 209 EPP.
746 171 823 208 AD
852 168 1111 209 ATTICVM
1444 167 1512 206 IX.
1537 167 1615 204 xiii

249 282 334 320 Nos
355 295 455 331 quae
477 290 649 320 monstra
665 282 809 320 cotidie
826 283 999 332 legamus
1021 279 1220 330 intelleges
1242 293 1288 318 ex
1304 278 1370 318 illo
1386 278 1518 317 libello
1536 288 1558 326 7

195 347 262 396 qui
291 347 331 384 in
360 346 568 396 epistulam
598 347 798 385 coniectus
828 356 895 385 est.
956 347 1145 384 Lentulus
1180 353 1312 384 noster
1346 343 1518 383 Puteolis

193 420 266 459 est,
286 413 476 462 ἀδημονῶν
507 412 552 459 is,
586 420 628 450 ut
662 412 825 451 Caesius
858 420 994 458 narrat,
1028 411 1123 461 quid
1153 419 1251 460 agat.
1307 411 1520 460 Διατροπὴν

195 476 484 515 Corfiniensem
505 476 739 515 reformidat.
784 476 973 525 Pompeio
994 489 1099 513 nunc
1120 483 1230 524 putat
1247 474 1338 513 satis
1358 476 1516 522 factum,

157 550 175 582 5
196 541 390 579 beneficio
411 541 588 581 Caesaris
619 550 807 588 movetur,
830 542 899 579 sed
921 549 1051 578 tamen
1077 547 1255 578 movetur
1284 539 1405 590 magis
1435 551 1519 589 pro-

195 613 329 655 specta
348 620 399 644 re.

248 672 359 709 Tene
394 672 491 709 haec
526 685 641 722 posse
675 673 801 710 ferre?
858 670 1004 709 Omnia
1038 669 1178 708 misera
1212 670 1281 707 sed
1315 670 1391 707 hoc
1421 668 1516 706 nihil
1538 670 1561 707 8

196 735 382 774 miserius.
443 736 655 786 Pompeius
686 739 734 774 N.
767 736 942 785 Magium
974 737 1024 774 de
1054 749 1150 786 pace
1183 733 1288 772 misit
1317 741 1356 772 et
1387 741 1519 771 tamen

196 809 454 851 oppugnatur.
514 803 636 851 Quod
657 816 730 852 ego
750 816 829 839 non
850 802 1071 847 credebam,
1094 801 1164 838 sed
1186 800 1315 837 habeo
1340 812 1364 836 a
1394 800 1520 838 Balbo

139 877 178 900 ιο
195 865 341 903 litteras
357 880 522 916 quarum
538 867 588 904 ad
610 874 647 904 te
666 867 888 915 exemplum
906 864 1003 902 misi.
1056 865 1170 913 Lege,
1191 876 1347 912 quaeso,
1367 871 1404 902 et
1425 863 1521 902 illud

195 930 376 968 infimum
424 942 541 980 caput
581 930 701 980 ipsius
746 929 858 967 Balbi
895 929 1044 979 optimi,
1086 928 1148 966 cui
1189 930 1347 966 Gnaeus
1390 936 1521 966 noster

196 996 328 1032 locum
355 994 423 1032 ubi
451 996 585 1032 hortos
609 994 833 1032 aedificaret
854 992 973 1039 dedit,
996 1006 1114 1042 quem
1144 992 1208 1030 cui
1233 1001 1409 1030 nostrum
1441 1007 1520 1031 non

197 1072 313 1108 saepe
351 1059 564 1108 praetulit?
635 1060 774 1107 Itaque
813 1057 929 1095 miser
967 1064 1178 1106 torquetur.
1257 1058 1335 1094 Sed
1374 1071 1423 1095 ne
1462 1057 1521 1095 bis

197 1125 336 1161 eadem
366 1125 480 1172 legas,
512 1124 562 1161 ad
593 1122 717 1173 ipsam
748 1130 785 1160 te
815 1122 1021 1171 epistulam
1052 1121 1180 1159 reicio.
1241 1122 1360 1170 Spem
1388 1129 1519 1160 autem

139 1201 176 1233 15
196 1188 303 1239 pacis
332 1189 461 1226 habeo
491 1189 648 1225 nullam.
711 1187 917 1224 Dolabella
943 1185 1022 1223 suis
1047 1184 1181 1223 litteris
1211 1197 1255 1222 111
1287 1187 1382 1223 Idus
1405 1188 1517 1224 Mart.

196 1252 297 1292 datis
336 1266 487 1290 merum
525 1253 674 1291 bellum
713 1251 894 1300 loquitur.
974 1251 1210 1287 Maneamus
1249 1263 1340 1300 ergo
1379 1249 1419 1288 in
1458 1251 1521 1289 illa

196 1318 336 1356 eadem
358 1317 552 1355 sententia
582 1316 721 1355 misera
748 1324 786 1354 et
810 1317 1025 1365 desperata,
1048 1315 1210 1365 quando
1239 1315 1315 1354 hoc
1345 1314 1520 1354 miserius

197 1395 281 1420 esse
302 1381 398 1419 nihil
418 1389 557 1432 potest.

837 1547 884 1584 A.

138 1654 178 1676 20
516 1650 583 1682 Scr.
604 1650 734 1681 Romae
749 1650 818 1680 circ.
836 1661 860 1680 x
875 1649 917 1679 K.
935 1649 1017 1689 Apr.
1038 1659 1092 1688 705
1110 1648 1200 1690 (49).

463 1727 647 1759 BALBVS
672 1726 897 1758 CICERONI
926 1726 1013 1757 IMP.
1041 1725 1138 1758 SAL.
1166 1725 1254 1758 DIC-

252 1802 396 1841 Caesar
416 1799 530 1838 nobis
555 1799 699 1837 litteras
724 1797 920 1849 prebrevis
945 1797 1073 1845 misit3
1103 1810 1269 1847 quarum
1298 1798 1520 1846 exemplum

198 1864 419 1915 subscripsi.
482 1864 676 1902 Brevitate
697 1864 886 1913 epistulae
906 1862 1004 1900 scire
1028 1861 1172 1912 poteris
1193 1875 1284 1900 eum
1304 1862 1418 1900 valde
1439 1875 1524 1900 esse

198 1930 413 1969 distentum
438 1929 504 1979 qui
529 1937 636 1967 tanta
659 1930 709 1967 de
734 1942 773 1966 re
801 1936 879 1966 tam
904 1927 1071 1965 breviter
1094 1926 1299 1977 scripserit.
1361 1925 1401 1965 Si
1428 1926 1524 1976 quid

141 2010 178 2041 ²5
199 2003 396 2046 praeterea
416 1994 507 2032 novi
524 1994 650 2042 fuerit,
670 1993 800 2032 statim
821 1993 890 2030 tibi
911 1992 1089 2030 scribam.

247 2108 259 2128 1
285 2099 437 2136 legamus
465 2098 639 2135 intelleges
660 2096 865 2134 IVesenbmffg:
893 2097 1119 2134 intelligamus
1141 2094 1190 2133 M,
1208 2096 1244 2134 (f.
1265 2095 1302 2134 ζ).
1320 2094 1373 2126 Fr.
1394 2096 1415 2127 i.
1436 2105 1462 2126 1.
1482 2106 1523 2134 32

201 2141 258 2172 ubi
267 2141 308 2171 M
322 2141 413 2171 lzabrl
423 2141 637 2170 consulemus
649 2146 709 2180 pro
723 2140 899 2170 consulere
911 2141 1072 2169 debemus
1161 2149 1181 2177 3
1206 2139 1348 2169 Caesius
1361 2138 1521 2178 Schmidt,

199 2186 236 2225 cs.
254 2195 354 2215 11.1:
380 2185 502 2214 Cecius
520 2184 559 2213 M
643 2184 722 2222 quid
740 2189 847 2221 agat
833 2183 900 2213 secl,
914 2183 1045 2212 Emzeslz
1054 2182 1101 2212 ad
1115 2181 1279 2221 ἀδημονῶν
1293 2182 1525 2222 mlcrpungcns

200 2239 231 2268 5
249 2230 270 2258 6
296 2234 473 2268 piospecta
491 2238 553 2257 ie
546 2231 631 2257 agell
660 2231 889 2266 prospectaret
909 2226 965 2255 M.
992 2231 1168 2265 perspecta
1187 2237 1222 2256 re
1240 2226 1359 2255 Lami).

201 2273 291 2302 Hinc
307 2282 427 2302 novam
444 2270 677 2310 ess1st.zt1cz'pcte
691 2269 987 2308 pzctrtSle›¹;}tk0pf
1010 2269 1066 2299 secl
1079 2269 1149 2299 v1de
1161 2268 1333 2299 Sclnmdt‘
1345 2268 1522 2306 Deer'ef-

201 2316 470 2354 weclzsel'p.157
571 2313 665 2343 Tene
682 2314 823 2343 Bosztts:
847 2323 909 2342 nee
928 2312 986 2343 M:
1013 2313 1113 2342 Mene
1130 2313 1213 2343 qus
1330 2313 1350 2342 8
1377 2311 1415 2341 N
1423 2311 1435 2350 ]
1456 2311 1522 2341 Nu-

203 2360 341 2389 merium
374 2358 427 2387 R:
468 2357 650 2386 Numerum
679 2356 731 2386 P:
769 2356 959 2386 Numatium
994 2355 1037 2387 C.
1079 2360 1157 2386 num
1190 2354 1268 2386 M¹:
1307 2355 1368 2385 Cn.
1407 2355 1449 2385 Ο2
1453 2355 1507 2384 M'·'
1511 2365 1526 2383 s

207 2412 238 2432 11
260 2412 321 2432 v1r1
333 2407 391 2442 po
395 2401 539 2439 toptimi
552 2399 627 2430 add.
644 2399 832 2439 Malasptmz
926 2409 962 2438 15
983 2409 1021 2429 111
1041 2403 1062 2429 Σ
1076 2399 1183 2429 Crat.:
1206 2409 1270 2429 om.
1288 2403 1315 2428 Δ
1409 2408 1446 2438 19
1462 2398 1524 2428 Ex-

202 2446 349 2485 emplum
365 2445 463 2475 lmt'us
479 2444 575 2484 ep.1'n
592 2443 808 2473 Petrffarclme
824 2442 897 2473 Vzta
917 2443 1005 2473 Caes
999 2441 1085 2473 ni's
1105 2450 1146 2485 gc.
1160 2443 1221 2484 xx)
1239 2443 1404 2473 invenitur
