1827 2798
286 257 564 309 gloriosissime
586 263 624 295 et
646 253 1031 306 magnificentissime
1056 254 1334 301 confecerunt,
1363 251 1535 302 reliquae
1555 265 1614 289 res

287 337 382 373 opes
403 331 440 361 et
462 321 595 371 copias
617 320 853 367 desiderant,
877 332 973 369 quas
995 320 1121 356 nullas
1143 318 1346 356 habemus.
1407 319 1521 355 Haec
1543 330 1615 365 ego

286 389 337 426 ad
359 395 405 425 te.
448 389 522 432 Tu,
541 385 573 424 si
594 384 690 435 quid
711 384 803 422 novi
823 384 932 435 (nam
954 383 1099 422 cotidie
1120 382 1269 432 aliquid
1290 381 1502 432 exspecto),
1526 395 1617 420 con-

286 451 416 490 festim
436 452 488 489 ad
516 464 578 489 me
605 458 653 497 et,
678 449 709 488 si
739 449 831 488 novi
858 449 965 496 nihil,
989 457 1123 487 nostro
1147 461 1255 486 more
1276 454 1408 485 tamen
1429 461 1479 486 ne
1499 446 1617 497 patia-

288 530 375 555 mur
394 515 598 555 intermitti
620 515 818 554 litterulas.
880 513 1077 564 Equidem
1099 526 1180 551 non
1201 511 1457 550 committam.
1638 522 1654 552 5

150 148 262 186 XIV.
279 147 327 185 iv
650 147 708 184 M.
739 143 909 182 TVLLI
941 142 1248 182 CICERONIS

328 626 370 659 V
593 626 663 658 scr.
682 626 832 657 Asturae
847 626 885 656 271·
897 625 948 657 Id.
969 625 1054 666 Apr.
1073 636 1103 657 a.
1125 635 1182 665 710
1202 624 1289 666 (44).

692 703 869 735 CICERO
900 703 1071 734 ATTICO
1104 703 1140 734 S.
1168 702 1208 733 D.

250 788 267 815 1
340 778 462 827 Spero
489 775 560 814 tibi
586 775 664 814 iam
692 789 778 814 esse
805 782 848 813 ut
871 777 1066 822 volumus,
1088 773 1276 824 quoniam
1301 772 1463 823 quidem
1492 772 1619 822 ἠσίτη-

286 859 357 882 σας
388 855 509 891 quom
539 840 675 879 leviter
704 847 928 878 commotus
958 853 1091 887 esses3
1119 839 1189 877 sed
1214 846 1346 876 tamen
1375 836 1492 875 velim
1520 836 1618 874 scire

286 906 382 956 quid
415 920 517 956 agas.
578 904 697 955 Signa
725 905 827 943 bella
854 905 963 954 quod
994 905 1169 943 Calvena
1199 904 1363 941 moleste
1393 903 1465 940 fert
1493 914 1529 939 se
1559 914 1617 939 su·
1638 913 1676 936 10

286 979 465 1021 spectum
504 984 589 1009 esse
629 972 777 1016 Bruto,
816 969 881 1006 illa
920 968 1029 1018 signa
1058 982 1138 1006 non
1169 968 1275 1005 bona
1308 966 1339 1004 si
1374 979 1464 1004 cum
1499 965 1618 1015 signis
1817 934 1821 1028 i

288 1036 460 1086 legiones
481 1035 644 1074 veniunt
664 1048 682 1072 e
702 1034 840 1073 Gallia.
900 1033 1009 1083 Quid
1030 1041 1072 1071 tu
1093 1033 1176 1071 illas
1197 1040 1310 1082 putas
1335 1044 1437 1081 quae
1463 1032 1619 1069 fuerunt

288 1101 327 1138 in
362 1100 586 1151 Hispania?
643 1113 776 1138 nonne
807 1098 913 1136 idem
946 1100 1239 1148 postulaturas?
1274 1097 1380 1147 quid,
1413 1109 1510 1146 quas
1541 1098 1621 1134 An·
1818 1029 1822 1183 ἱ

288 1166 376 1205 nius
397 1165 704 1216 transportavit?
761 1166 805 1204 C.
829 1163 1011 1202 Asinium
1032 1164 1137 1202 volui
1160 1165 1229 1201 sed
1254 1163 1478 1213 μνημονικὸν
1508 1163 1621 1211 ἀμάρ-

286 1250 395 1282 τημα.
473 1234 509 1270 A
549 1232 775 1269 balneatore
814 1232 958 1281 φυρμὸς
994 1232 1122 1271 πολύς.
1202 1231 1306 1267 Nam
1345 1229 1418 1266 ista
1456 1228 1617 1278 quidem
1642 1239 1676 1270 15

289 1297 467 1338 Caesaris
488 1296 717 1335 libertorum
745 1295 964 1334 coniuratio
991 1296 1104 1333 facile
1135 1294 1430 1345 opprimeretur,
1454 1293 1485 1331 si
1514 1301 1619 1331 recte

247 1370 441 1412 2saperet
482 1360 691 1399 Antonius.
763 1362 800 1399 O
835 1374 964 1399 meam
1005 1362 1163 1398 stultam
1200 1358 1503 1397 verecundiam!
1552 1357 1616 1407 qui

290 1426 406 1477 legari
433 1425 626 1464 noluerim
647 1432 739 1463 ante
769 1438 829 1464 res
860 1427 1029 1474 prolatas
1058 1439 1107 1463 ne
1138 1426 1316 1463 deserere
1343 1423 1494 1462 viderer
1513 1424 1619 1461 hunc

288 1506 416 1531 rerum
452 1499 646 1529 tumorem
664 1505 673 1537 3
707 1490 770 1528 cui
802 1498 906 1529 certe
941 1490 971 1528 si
1006 1503 1163 1540 possem
1197 1489 1356 1536 mederi,
1390 1490 1504 1527 desse
1538 1501 1618 1526 non

288 1558 486 1596 deberem.
537 1556 616 1594 Sed
637 1554 746 1593 vides
768 1555 1025 1605 magistratus,
1049 1555 1080 1593 si
1101 1555 1263 1606 quidem
1285 1554 1338 1592 illi
1360 1553 1617 1604 magistratus,
1642 1565 1680 1586 20

286 1621 394 1660 vides
433 1628 566 1659 tamen
601 1619 753 1670 tyranni
789 1619 973 1658 satellites
1008 1621 1048 1658 in
1082 1620 1266 1670 imperiis,
1300 1619 1409 1657 vides
1441 1617 1618 1656 eiusdem

286 1685 487 1732 exercitus,
524 1684 634 1723 vides
673 1684 714 1722 in
752 1686 871 1722 latere
905 1692 1120 1731 veteranos,
1158 1698 1259 1735 quae
1298 1692 1388 1723 sunt
1427 1684 1620 1733 εῧρίπιστα

287 1750 432 1797 onmia,
464 1763 531 1788 eos
569 1756 702 1787 autem
742 1749 809 1799 qui
846 1749 951 1787 orbis
992 1757 1114 1788 terrae
1153 1749 1342 1788 custodiis
1377 1763 1458 1788 non
1497 1750 1619 1786 modo

287 1817 412 1866 saepti
445 1829 580 1854 verum
615 1814 732 1853 etiam
773 1814 903 1864 magni
945 1828 1030 1853 esse
1065 1816 1266 1854 debebant
1304 1822 1458 1853 tantum
1496 1815 1619 1852 modo

332 1931 352 1960 3
375 1921 423 1951 Tu
442 1920 564 1950 Klotz:
590 1923 624 1949 ut
641 1919 729 1950 codd.
866 1930 886 1958 5
913 1920 1075 1960 Equidem
1095 1920 1175 1951 CM2
1193 1933 1199 1951 ε
1225 1920 1389 1958 siquidem
1413 1917 1465 1948 Ml
1600 1928 1620 1956 9

289 1975 389 2004 quom
409 1963 600 1994 Corradus:
625 1974 723 2002 quem
754 1963 795 1993 M
928 1974 968 1994 10
1000 1975 1036 1995 se
1059 1964 1133 1995 add.
1161 1964 1219 1995 alii
1242 1967 1316 1994 ante
1339 1967 1543 2002 suspectum,
1564 1961 1624 1991 alii

285 2012 361 2049 post
377 2019 463 2043 esse,
482 2007 539 2036 alsi
553 2011 717 2036 anteesse
834 2017 871 2037 12
896 2018 914 2037 e
932 2007 1007 2039 add.
1028 2012 1099 2039 vett.
1197 2018 1231 2046 ¹3
1255 2017 1339 2046 quas
1357 2007 1488 2036 Annius
1507 2005 1594 2045 vulg.
1611 2015 1618 2035 ε

289 2063 355 2091 qua
372 2052 488 2082 sanius
503 2050 563 2080 M:
597 2060 681 2090 quas
707 2050 849 2080 Asinius
873 2051 987 2082 Slrollz
1125 2062 1161 2089 14
1188 2052 1224 2082 C.
1251 2051 1406 2081 Asinium
1423 2049 1501 2079 com'.
1514 2048 1619 2079 Boot:

290 2096 469 2125 Caninium
486 2093 573 2124 codd.
670 2103 705 2132 15
730 2104 749 2123 a
771 2094 964 2125 balneatore
984 2092 1050 2126 CZ‘
1072 2107 1099 2126 v.
1121 2108 1142 2126 c.
1163 2094 1192 2124 L
1218 2094 1357 2134 (marg.)
1375 2092 1426 2123 P:
1450 2093 1491 2122 ab
1507 2092 1620 2122 alnea-

290 2144 365 2169 tore
385 2138 414 2168 O
432 2144 467 2177 (n
480 2141 601 2177 puncto
618 2139 786 2170 notatum]
803 2149 810 2168 :
835 2149 853 2167 a
874 2138 1044 2168 baleatore
1066 2139 1123 2168 M:
1150 2139 1190 2169 ab
1211 2139 1360 2168 aleatore
1382 2147 1398 2165 s
1424 2136 1510 2167 Crat.
1528 2135 1615 2175 vulg.

291 2182 327 2221 cf.
342 2181 425 2211 Pln'l.
448 2182 479 2211 ii.
502 2182 542 2219 56
679 2182 718 2210 16
743 2186 834 2210 recte
848 2181 948 2213 Reid:
975 2188 1066 2212 recta
1079 2182 1167 2213 codd.
1306 2190 1342 2219 17
1368 2180 1539 2210 Antonius
1551 2178 1617 2208 secl.

291 2225 422 2255 Ernesti
474 2225 503 2255 O
518 2224 604 2255 Crat.
618 2235 656 2254 ex
667 2224 832 2264 malichus,
849 2225 884 2264 cf.
900 2224 1074 2255 Lelmzmn
1087 2227 1094 2241 ‘
1108 2224 1192 2256 Ast)
1205 2230 1239 2265 p.
1260 2235 1310 2263 77,
1323 2235 1384 2262 204
1401 2235 1407 2253 :
1432 2223 1483 2253 En
1500 2221 1622 2261 Tyrrell

296 2279 333 2307 ¹9
359 2269 494 2305 mederi,
518 2269 615 2298 desse
643 2267 719 2298 Vict.
740 2279 747 2298 z
772 2278 824 2297 me
849 2269 1013 2299 deridisse
1039 2268 1091 2298 M¹
1225 2278 1263 2298 21
1292 2272 1403 2297 tamen
1424 2276 1488 2296 non
1504 2265 1617 2295 sollici·

292 2311 444 2345 tandum,
465 2311 502 2349 cf
522 2310 698 2340 Lehmann
716 2314 723 2327 ¹
739 2311 822 2342 Ast]
838 2316 869 2350 p.
889 2322 951 2351 205
1079 2323 1119 2350 24
1144 2312 1255 2350 magni
1274 2321 1350 2341 esse
1368 2309 1533 2340 debebant
1550 2308 1614 2339 cod.

291 2355 506 2389 Ballsolmzst's,
535 2358 571 2383 nt
597 2353 732 2392 videtur,
760 2355 795 2392 cf
827 2354 858 2385 ii.
886 2366 917 2393 9.
945 2366 975 2394 2,
1004 2355 1102 2387 Fam.
1134 2356 1178 2385 xi.
1210 2365 1239 2393 3.
1268 2366 1296 2392 4,
1311 2359 1374 2394 pro
1401 2353 1527 2392 Quinct.
1552 2362 1616 2390 93:

292 2399 401 2437 magni
414 2398 579 2428 sedebant
591 2396 642 2426 M¹
659 2408 665 2427 z
690 2398 836 2436 magisse
849 2398 1017 2429 debebant
1028 2394 1091 2429 Zl’:
1115 2399 1232 2429 muniti
1247 2408 1322 2429 esse
1335 2397 1503 2427 debebant
1514 2394 1617 2426 Reid:

290 2442 366 2482 vagi
384 2451 460 2472 csse
477 2441 645 2472 debebant
662 2440 756 2471 Man.
776 2452 783 2472 ε
807 2440 890 2482 ἅγιοι
910 2452 984 2473 esse
1001 2442 1169 2473 debebant
1185 2442 1267 2473 coni.
1286 2440 1387 2472 Orelli
