1827 2798
154 523 170 553 5

137 846 175 869 10

137 1498 176 1520 20

137 2197 177 2227 30

611 145 723 184 EPP.
758 145 833 182 AD
864 143 1122 183 ATTICVM
1414 141 1523 178 XVI.
1548 142 1592 177 xi

195 254 232 291 in
275 254 322 292 D.
360 256 553 293 Brutum?
622 256 671 293 Di
712 256 819 294 istis!
884 257 967 306 Ego
1008 268 1080 301 me,
1121 262 1163 292 ut
1202 252 1442 304 scripseram,
1484 251 1570 290 in6

199 319 482 368 Pompeianum
513 333 592 358 non
627 320 763 358 abdidi
796 320 922 370 primo
958 318 1256 369 tempestatibus
1291 317 1435 368 quibus
1470 316 1521 354 nil

194 383 379 431 taetrius:
409 383 553 422 deinde
582 386 633 422 ab
663 385 882 423 Octaviano
909 384 1053 423 cotidie
1081 384 1229 422 litterae
1256 391 1299 421 ut
1323 381 1522 432 negotium

193 447 446 497 suscipere1n‚
475 450 653 499 Capuam
684 449 871 496 venirem,
892 449 1031 487 iterum
1061 462 1142 487 rem
1173 447 1371 498 publicam
1402 460 1525 485 serva-

193 525 284 559 rem,
310 514 480 551 Romam
502 513 637 563 utique
658 514 800 552 statim.

382 578 561 616 Αἵδεσθεν
588 580 655 628 μὲν
684 580 888 628 ἀνήνασθαι
917 580 1042 617 δεῖσαν
1071 579 1102 617 δ’
1131 578 1341 629 ὑποδέχθαι.

194 644 233 679 Is
265 648 397 680 tamen
429 642 506 691 egit
538 655 631 680 sane
663 650 819 681 strenue
855 652 891 680 et
922 643 1009 692 agit.
1072 645 1242 681 Romam
1275 641 1404 680 veniet
1433 654 1523 679 cum

195 719 312 743 manu
344 719 497 755 magna,
518 707 588 744 sed
618 715 675 744 est
705 708 821 756 plane
855 721 959 756 puer.
1021 710 1136 745 Putat
1170 714 1348 745 senatum
1380 706 1521 744 statim.

195 769 294 818 Quis
333 770 494 808 veniet?
568 770 608 808 Si
654 770 812 817 venerit,
855 771 941 820 quis
989 771 1145 809 incertis
1191 772 1305 809 rebus
1351 771 1523 808 offendet

198 834 445 872 Antonium?
501 836 588 873 Kal.
613 836 766 872 Ianuar.
786 834 856 872 erit
877 836 1039 873 fortasse
1060 836 1254 885 praesidio
1275 843 1339 873 aut
1362 835 1523 884 quidem

194 907 284 937 ante
330 899 630 949 depugnabitur.
692 902 818 938 Puero
858 899 1071 948 municipia
1110 900 1205 938 mire
1244 902 1384 938 favent.
1447 901 1525 938 Iter

195 964 298 1002 enim
321 963 468 1001 faciens
489 963 528 1001 in
550 963 755 1002 Samnium
776 964 882 1002 venit
904 965 1029 1010 Cales,
1054 964 1195 1002 mansit
1222 965 1358 1002 Teani.
1420 963 1525 1001 Miri-

196 1030 267 1066 fica
301 1030 508 1078 ἀπάντησις
540 1037 576 1067 et
611 1028 842 1068 cohortatio.
904 1030 995 1066 Hoc
1029 1036 1068 1065 tu
1101 1031 1288 1078 putares?
1345 1029 1410 1067 Ob
1449 1030 1524 1067 hoc

194 1106 267 1142 ego
306 1093 419 1131 citius
462 1096 631 1132 Romam
672 1107 788 1143 quam
830 1093 1118 1131 constitueram.
1198 1093 1319 1131 Simul
1360 1100 1397 1131 et
1436 1106 1526 1131 con-

196 1159 356 1197 stituero
387 1160 564 1197 scribam.

250 1223 333 1262 Etsi
354 1225 533 1262 nondum
555 1224 825 1275 stipulationes
846 1225 1013 1274 legeram
1039 1223 1130 1274 (nec
1156 1223 1262 1262 enim
1291 1225 1389 1261 Eros
1413 1236 1525 1261 vene-
1543 1229 1568 1269 7

195 1288 279 1339 rat),
311 1297 444 1327 tamen
482 1303 564 1328 rem
602 1289 727 1339 pridie
763 1290 859 1327 Idus
897 1288 1012 1326 velim
1053 1288 1249 1326 conficias.
1328 1287 1525 1338 Epistulas

195 1354 391 1401 Catinam,
440 1354 764 1402 Tauromenium,
812 1356 1019 1404 Syracusas
1071 1353 1321 1391 commodius
1375 1352 1527 1391 mittere

196 1427 331 1468 potero
363 1420 392 1458 si
433 1420 612 1458 Valerius
651 1420 840 1469 interpres
878 1420 928 1457 ad
968 1432 1030 1456 me
1070 1418 1231 1456 nomina
1269 1418 1526 1468 gratiosorum

193 1484 398 1534 scripserit.
459 1485 537 1523 Alii
572 1484 677 1524 enirn
710 1492 801 1523 sunt
834 1484 938 1529 alias,
974 1483 1175 1532 nostrique
1209 1483 1416 1521 familiares
1448 1484 1527 1521 fere

194 1549 400 1587 demortui.
463 1549 624 1588 Publice
646 1557 777 1587 tamen
800 1547 945 1598 scripsi,
970 1547 1001 1586 si
1023 1547 1078 1585 uti
1102 1549 1217 1586 vellet
1244 1548 1299 1586 eis
1320 1547 1498 1586 Valerius
1517 1562 1527 1595 ;

193 1620 259 1650 aut
281 1613 376 1651 mihi
398 1614 559 1652 nomina
580 1614 759 1652 mitteret.

249 1679 311 1716 De
346 1678 572 1728 Lepidianis
604 1678 707 1716 feriis
741 1678 886 1716 Balbus
917 1678 968 1715 ad
1010 1691 1073 1715 me
1107 1690 1232 1727 usque
1265 1678 1316 1715 ad
1351 1690 1396 1715 111
1434 1679 1522 1716 Kal.
1545 1680 1569 1716 8

196 1744 444 1792 Exspectabo
474 1752 559 1781 tuas
590 1744 735 1782 litteras
765 1756 907 1792 meque
936 1744 980 1780 de
1009 1741 1199 1791 Torquati
1229 1741 1428 1792 negotiolo
1458 1742 1528 1781 sci-

136 1819 172 1842 ε·
195 1814 323 1845 turum
356 1816 462 1858 puto.
541 1808 681 1858 Quinti
714 1803 863 1847 litteras
897 1809 947 1846 ad
980 1815 1017 1846 te
1057 1807 1144 1845 misi
1176 1815 1218 1845 ut
1252 1807 1370 1845 scires
1408 1821 1527 1857 quam

194 1873 307 1911 valde
328 1887 419 1911 eum
440 1881 586 1912 amaret
614 1887 731 1923 quem
760 1874 868 1912 dolet
894 1886 917 1910 a
946 1880 982 1911 te
1011 1872 1140 1910 minus
1168 1872 1299 1910 amari.
1359 1872 1524 1919 Atticae,

194 1937 392 1985 quoniam,
427 1940 535 1988 quod
567 1938 759 1988 optimum
795 1938 834 1975 in
868 1937 996 1987 pueris
1029 1945 1097 1984 est,
1129 1937 1293 1975 hilarula
1327 1944 1395 1984 est,
1430 1937 1526 1976 meis

195 2000 320 2039 verbis
342 2002 519 2040 suavium
541 2003 610 2041 des
631 2004 731 2041 volo.

242 2109 332 2144 XII
466 2112 535 2143 Ser.
553 2113 587 2143 in
603 2113 784 2143 Puteolano
800 2113 853 2142 vt't’t
870 2112 919 2142 Id.
941 2111 1022 2142 Nov.
1044 2122 1074 2143 a.
1097 2122 1153 2151 710
1171 2112 1257 2152 (44).

611 2188 780 2219 CICERO
804 2187 983 2218 ATTICO
1006 2187 1114 2219 SAL.

250 2260 356 2310 Oppi
377 2260 576 2310 epistulae,
600 2260 691 2311 quia
712 2262 956 2311 perhumana
976 2268 1069 2307 erat,
1090 2260 1160 2299 tibi
1181 2261 1268 2298 misi
1289 2262 1523 2311 exemplum.

199 2326 258 2362 De
279 2325 426 2371 Ocella,
451 2326 545 2363 dum
573 2332 615 2363 tu
645 2324 856 2375 muginaris
877 2338 950 2363 nec
979 2324 1074 2362 mihi
1101 2324 1312 2375 quicquam
1334 2326 1523 2373 rescribis,

278 2438 315 2468 14
339 2433 372 2458 et
389 2427 489 2468 codd.‚
509 2428 545 2468 cs.
567 2438 598 2459 x.
616 2439 644 2468 4.
665 2438 723 2458 12:
749 2438 786 2459 ac
804 2427 906 2459 Rom.
1049 2437 1090 2467 24
1115 2428 1157 2458 de
1169 2427 1246 2459 add.
1263 2426 1292 2458 L
1310 2427 1452 2471 (marg.)
