1827 2798
599 158 710 195 EPP.
742 158 820 194 AD
848 156 1108 196 ATTICVM
1417 157 1513 193 XII.
1536 156 1628 193 xliv

246 269 331 318 Ego
350 266 414 305 hic
440 268 521 305 duo
546 280 687 317 magna
706 268 948 319 συντάγματα
973 265 1148 313 absolvi,-
1177 267 1285 304 nullo
1309 265 1413 304 enirn
1438 265 1515 304 alio
1534 275 1560 312 4

190 333 312 370 modo
332 345 355 369 a
375 332 529 370 miseria
549 331 659 382 quasi
689 333 865 370 aberrare
892 345 1064 382 possum.
1123 333 1185 370 Tu
1207 331 1314 378 mihi,
1337 331 1455 369 etiam
1485 331 1514 368 si
1536 320 1620 359 (va
1637 319 1667 359 Ι)

190 396 287 434 nihil
308 396 377 434 erit
399 397 507 446 quod
523 396 679 442 scribas,
703 397 810 445 quod
837 397 918 434 fore
945 396 998 433 ita
1017 396 1144 443 video,
1168 404 1299 434 tamen
1322 395 1361 434 id
1388 395 1515 445 ipsum

191 460 337 499 scribas
358 460 473 498 velim
503 469 541 499 te
571 460 667 498 nihil
698 460 881 499 habuisse
911 462 1019 510 quod
1049 461 1251 509 scriberes,
1271 462 1367 500 dum
1397 462 1518 500 modo

151 540 168 571 5
190 538 241 564 ne
261 525 321 563 his
341 525 480 564 verbis.

235 668 358 703 XLV
461 671 530 704 διν.
550 673 584 703 in
605 671 794 704 Tusculano
808 673 866 704 xvi
879 673 922 704 K.
943 672 1020 704 Iun.
1036 683 1067 704 α.
1091 683 1150 715 709
1166 672 1248 715 (45).

596 759 769 790 CICERO
797 759 979 791 ATTICO
1009 759 1119 792 SAL.

247 850 309 887 De
339 848 472 887 Attica
505 848 665 898 optime.
723 848 876 899 Ἀκηδία
909 856 975 887 tua
1006 863 1070 888 me
1101 856 1243 896 movet,
1278 849 1349 888 etsi
1384 849 1519 889 scribis
1541 856 1591 899 (2)
1616 859 1633 885 Ι

191 914 288 952 nihil
336 928 431 952 esse.
504 916 551 952 In
589 916 817 952 Tusculano
856 928 904 953 eo
942 915 1191 953 commodius
1230 929 1296 953 ero
1335 917 1443 964 quod
1482 923 1520 954 et

136 991 174 1013 10
191 978 363 1017 crebrius
389 987 475 1017 tuas
505 979 649 1017 litteras
677 979 868 1029 accipiam
898 987 936 1018 et
965 988 1003 1018 te
1033 980 1161 1030 ipsum
1191 994 1272 1018 non
1301 994 1519 1030 numquam

190 1042 336 1081 videbo
350 1058 361 1091 ,·
389 1056 480 1080 nam
502 1043 701 1093 ceteroqui
722 1045 938 1094 ἀνεκτότερα
957 1052 1066 1082 erant
1086 1047 1263 1083 Asturae.
1314 1046 1351 1082 N
1356 1059 1400 1083 ec
1421 1046 1518 1084 haec

191 1122 292 1158 quae
321 1107 500 1146 refricant
530 1108 593 1146 hic
622 1122 686 1146 me
715 1108 837 1159 magis
865 1117 1015 1159 angunt
1029 1123 1040 1157 3
1070 1109 1141 1147 etsi
1171 1117 1315 1156 tamen,
1342 1109 1518 1147 ubicum-

191 1186 268 1223 que
296 1186 394 1219 sum,
418 1172 483 1210 illa
508 1180 598 1210 sunt
627 1186 794 1212 mecum.
855 1175 917 1212 De
945 1174 1112 1212 Caesare
1132 1173 1262 1212 vicino
1289 1174 1515 1224 scripseram
1538 1178 1589 1219 (3)
1614 1183 1638 1212 2

190 1238 241 1276 ad
262 1245 309 1283 te,
333 1237 425 1287 quia
445 1250 656 1287 cognoram
677 1252 724 1276 ex
744 1238 820 1277 tuis
846 1238 992 1277 litteris.
1052 1240 1156 1277 Eum
1185 1241 1343 1278 σύνναον
1363 1238 1519 1287 Quirini

134 1313 145 1336 ι
155 1315 170 1345 5
191 1303 295 1340 malo
316 1315 432 1352 quam
461 1301 614 1340 Salutis.
673 1304 736 1340 Tu
756 1316 848 1341 vero
874 1305 1059 1353 pervulga
1089 1303 1276 1342 Hirtium.
1337 1305 1385 1342 Id
1413 1303 1519 1342 enim

190 1365 320 1416 ipsum
341 1374 519 1416 putaram
541 1368 650 1416 quod
682 1367 830 1414 scribis,
854 1375 896 1406 ut
917 1382 1007 1406 cum
1029 1368 1231 1418 ingenium
1256 1368 1372 1407 amici
1393 1368 1517 1407 nostri

190 1431 429 1482 probaretur,
451 1432 627 1473 ὑπόθεσις
646 1432 893 1483 vituperandi
915 1433 1078 1472 Catonis
1099 1433 1340 1473 inrideretur.

233 1575 381 1611 XLVI
534 1578 607 1610 διν.
623 1579 769 1610 Asturae
783 1579 832 1611 Id.
854 1579 936 1612 Mai.
955 1591 985 1612 a.
1007 1590 1066 1622 709
1084 1581 1167 1621 (45).

597 1667 767 1699 CICERO
793 1668 976 1700 ATTICO
1003 1668 1109 1701 SAL.

133 1769 172 1791 20
243 1754 423 1802 Vincam,
454 1754 604 1805 opinor,
635 1755 812 1794 animum
841 1763 879 1794 et
909 1756 1087 1795 Lanuvio
1116 1771 1274 1808 pergam
1303 1757 1343 1796 in
1367 1760 1516 1798 Tuscu·
1534 1771 1552 1798 1

189 1819 334 1857 lanum.
392 1821 473 1857 Aut
493 1819 598 1858 enim
624 1819 721 1858 mihi
740 1820 781 1858 in
810 1828 1043 1871 perpetuum
1063 1823 1188 1860 fundo
1215 1822 1282 1861 illo
1302 1824 1516 1862 carendum

189 1891 248 1922 est
269 1883 377 1934 (nam
407 1885 520 1922 dolor
546 1884 653 1923 idem
680 1885 868 1932 manebit,
886 1893 1039 1923 tanturn
1070 1887 1192 1924 modo
1221 1887 1430 1937 occultius)
1451 1895 1518 1926 aut

190 1947 324 1986 nescio
345 1947 440 1998 quid
470 1947 620 1986 intersit
647 1956 776 1986 utrum
798 1949 890 1987 illuc
914 1963 1020 1988 nunc
1041 1950 1196 1988 veniam
1223 1964 1273 1989 an
1297 1953 1348 1990 ad
1378 1953 1516 1990 decem

192 2024 329 2049 annos.
389 2013 532 2061 Neque
566 2012 672 2050 enim
703 2012 776 2050 ista
810 2013 934 2051 maior
964 2014 1185 2053 admonitio
1216 2028 1335 2064 quam
1374 2015 1517 2065 quibus

136 2090 174 2121 25
193 2075 358 2113 adsidue
377 2076 565 2114 conficior
585 2084 623 2114 et
643 2076 726 2114 dies
754 2084 791 2114 et
812 2085 960 2115 noctes.
1022 2079 1156 2127 ‘Quid
1181 2081 1322 2129 ergo?'
1351 2079 1515 2129 inquies,

195 2144 203 2160 ‘
219 2140 316 2178 nihil
337 2140 536 2179 litterae?’
567 2142 615 2178 In
641 2142 715 2179 hac
736 2141 897 2191 quidem
921 2156 961 2180 re
982 2156 1117 2181 vereor
1136 2157 1186 2182 ne
1213 2144 1330 2182 etiam
1358 2152 1493 2183 contra
1506 2159 1518 2193 3

236 2253 270 2273 11
297 2243 467 2281 ceteroqui
493 2241 552 2273 M:
591 2247 702 2273 cetera
728 2243 863 2282 quidem
896 2244 995 2275 Rom.
1013 2244 1036 2274 I
1228 2247 1299 2278 Nec
1332 2248 1394 2279 M:
1427 2258 1517 2279 nunc

191 2285 358 2317 Corradus
446 2287 530 2316 haec
548 2310 555 2317 .
576 2311 583 2318 .
601 2309 609 2317 .
626 2291 755 2325 angunt
780 2286 902 2317 Lucilio
925 2288 1071 2318 attribui!
1092 2289 1176 2321 Ellis
1311 2302 1347 2330 14
1373 2291 1516 2330 Quirino

190 2353 198 2360 .
220 2353 227 2360 .
246 2353 254 2360 .
275 2329 381 2360 Saluti
401 2324 446 2358 Zb
460 2340 490 2359 v.
509 2340 531 2360 c.
668 2340 704 2369 15
730 2330 895 2371 Hirtium]
916 2331 1006 2362 Hirti
1023 2332 1140 2364 librum
1178 2333 1368 2376 lVesenberg
1475 2345 1516 2365 22

188 2373 354 2403 occultius
371 2373 426 2403 Fr.
448 2371 495 2403 W'.
516 2371 690 2404 Schmidt:
718 2374 825 2404 octius
842 2373 890 2414 M,
910 2374 945 2414 cs.
965 2381 1045 2406 exto
1056 2381 1120 2417 pro
1138 2378 1272 2408 exculto
1297 2378 1332 2420 (l.
1356 2388 1370 2409 1
1388 2378 1490 2419 infra)
1509 2389 1517 2409 t

191 2416 320 2447 coctius
336 2417 414 2447 coni.
434 2416 464 2447 T
455 2417 557 2456 yrrell
