1827 2798
201 157 247 193 X.
271 156 317 192 iv
640 156 696 192 M.
728 154 896 191 TVLLI
927 152 1235 192 CICERONIS

278 268 452 318 quidem,
475 267 542 317 qui
567 280 608 305 se
634 266 731 304 nihil
757 272 894 304 contra
919 264 1035 303 huius
1055 265 1297 302 voluntatem
1322 265 1449 302 facere
1474 275 1600 313 posse,

277 335 431 382 elapsus
452 346 473 370 e
494 331 618 370 soceri
645 330 828 368 manibus
847 343 894 368 ac
913 331 1014 368 ferro
1034 330 1182 368 bellum
1203 336 1302 367 terra
1322 336 1359 367 et
1381 327 1475 365 mari
1500 340 1604 365 com-

278 405 385 446 parat
412 410 493 434 non
518 396 707 434 iniustum
734 395 798 433 1116
827 395 998 445 quidem,
1023 395 1092 433 sed
1119 408 1210 432 cum
1237 393 1345 444 pium
1373 401 1456 431 tum
1487 392 1604 431 etiam

279 461 552 507 necessarium,
577 460 655 498 suis
684 467 816 498 tamen
844 459 995 498 civibus
1021 459 1217 498 exitiabile
1243 458 1317 496 nisi
1341 457 1484 503 vicerit,
1509 459 1606 496 cala-

233 540 261 578 4
282 526 467 565 mitosum
489 526 606 564 etiam
631 526 661 563 si
682 525 827 564 vicerit.
888 527 1045 563 Horum
1073 539 1147 575 ego
1173 537 1416 562 summorum
1444 523 1634 573 impera-,

279 599 408 629 torum
430 605 510 629 non
532 592 653 629 modo
679 604 739 629 res
765 598 894 640 gestas
919 603 1000 628 non
1027 598 1228 639 antepono
1253 588 1350 626 meis
1375 588 1443 625 sed
1464 600 1514 625 ne
1534 588 1606 625 for-

278 663 413 694 tunam
446 655 607 706 quidem
640 655 790 706 ipsam3
834 669 912 705 qua
942 654 997 692 illi
1028 653 1314 699 florentissima,
1345 666 1418 690 nos
1450 652 1606 691 duriore

276 722 491 760 conflictati
520 721 710 760 videmur.
770 720 871 769 Quis
901 720 1006 758 enim
1036 727 1166 770 potest
1194 726 1261 757 aut
1290 719 1444 757 deserta
1471 731 1539 767 per
1566 731 1607 756 se

277 786 401 836 patria
419 794 486 825 aut
510 800 696 836 oppressa
723 787 863 825 beatus
890 799 974 824 esse
990 787 1008 823 ?
1064 787 1115 823 Et
1145 784 1187 831 si,
1210 792 1252 823 ut
1279 797 1350 822 nos
1370 797 1394 821 a
1414 790 1452 821 te
1472 784 1607 821 admo-

278 865 426 898 nemur,
458 859 562 890 recte
591 851 630 889 in
660 851 734 889 illis
763 851 871 890 libris
902 850 1072 890 diximus
1105 849 1201 887 1111111
1236 862 1321 887 esse
1350 849 1501 887 bonum
1532 847 1606 885 nisi

277 917 386 965 quod
407 917 629 963 honestum,
653 916 749 954 nihil
771 918 918 954 malum
939 915 1013 954 nisi
1035 916 1143 965 quod
1165 923 1276 964 turpe
1301 914 1360 960 sit,
1383 921 1487 952 certe
1508 920 1606 951 uter-

277 994 356 1030 que
376 981 538 1020 istorum
566 989 624 1020 est
645 981 883 1019 miserrimus
912 994 1080 1030 quorum
1102 980 1256 1030 utrique
1283 992 1437 1029 semper
1460 977 1606 1028 patriae

278 1047 381 1083 salus
411 1054 448 1084 et
478 1046 646 1095 dignitas
676 1045 868 1096 posterior
900 1059 969 1083 sua
1003 1044 1275 1083 dominatione
1309 1051 1346 1082 et
1378 1042 1606 1081 domesticis

236 1120 259 1158 5
278 1110 500 1149 commodis
521 1111 602 1149 fuit.
662 1112 864 1148 Praeclara
884 1109 998 1160 igitur
1019 1108 1260 1148 conscientia
1284 1116 1493 1155 sustentor,
1514 1121 1605 1145 cum

277 1174 408 1225 cogito
430 1189 492 1214 me
513 1177 562 1214 de
584 1189 622 1214 re
643 1175 800 1225 publica
820 1183 887 1213 aut
908 1175 1096 1213 meruisse
1116 1174 1265 1224 optime
1285 1188 1373 1212 cum
1397 1173 1602 1223 potuerim,
1652 1188 1663 1195 ·

278 1247 344 1278 aut
365 1248 469 1279 certe
490 1254 705 1291 numquam
730 1240 802 1278 nisi
824 1240 886 1290 pie
904 1239 1105 1289 cogitasse,
1122 1253 1247 1289 eaque
1268 1239 1351 1288 ipsa
1372 1246 1606 1288 tempestate

278 1319 453 1343 eversam
474 1319 558 1344 esse
586 1319 667 1343 rem
694 1305 893 1355 publicam
916 1318 1035 1354 quam
1056 1317 1128 1354 ego
1148 1316 1243 1341 X1111
1265 1303 1378 1341 annis
1402 1310 1494 1341 ante
1521 1316 1606 1352 pro-

279 1370 481 1418 spexerim.
543 1372 633 1408 Hac
655 1370 769 1419 igitur
791 1369 1033 1408 conscientia
1054 1368 1197 1407 comite
1218 1367 1442 1417 proficiscar
1462 1381 1606 1417 magno

278 1435 464 1485 equidem
494 1449 585 1473 cum
615 1436 752 1473 dolore
783 1448 856 1473 nec
888 1442 967 1472 tam
997 1434 1038 1472 id
1069 1441 1227 1484 propter
1259 1447 1321 1471 me
1353 1441 1419 1471 aut
1449 1442 1607 1483 propter

280 1501 434 1538 fratrem
467 1513 610 1547 meum,
640 1513 807 1550 quorum
839 1507 896 1538 est
926 1499 1003 1537 iam
1033 1506 1119 1537 acta
1153 1507 1270 1545 aetas,
1300 1513 1417 1549 quam
1449 1507 1606 1549 propter

279 1578 431 1615 puerOS‚
448 1565 591 1614 quibus
613 1565 809 1603 interdum
830 1564 1010 1603 videmur
1025 1572 1219 1614 praestare
1240 1564 1357 1602 etiam
1379 1579 1461 1603 rem
1482 1566 1607 1615 publi-

279 1643 365 1668 cam
380 1630 574 1669 debuisse.
627 1632 806 1679 Quorum
821 1630 981 1679 quidem
997 1631 1094 1668 alter
1110 1634 1215 1669 †non
1233 1634 1336 1670 tam†
1352 1631 1444 1680 quia
1460 1631 1606 1670 maiore

278 1695 423 1745 pietate
450 1703 507 1734 est
530 1709 591 1733 me
622 1695 847 1733 mirabiliter
874 1694 1078 1742 excruciat,
1101 1696 1197 1733 alter
1218 1696 1259 1745 (o
1290 1710 1371 1734 rem
1401 1696 1606 1734 miseram!

280 1759 374 1797 1111111
405 1760 510 1798 6111111
543 1760 636 1797 1111111
665 1759 808 1798 accidit
838 1759 877 1797 in
905 1760 1013 1798 omni
1040 1760 1118 1799 vita
1146 1761 1341 1811 acerbius)
1363 1762 1606 1812 indulgentia

278 1824 459 1862 videlicet
481 1832 611 1862 nostra
632 1826 865 1874 depravatus
886 1839 934 1863 eo
955 1839 1180 1875 progressus
1201 1834 1259 1865 est
1276 1841 1355 1876 quo
1376 1841 1456 1865 non
1477 1829 1606 1866 audeo
1629 1839 1665 1871 2:

279 1889 419 1927 dicere.
480 1891 530 1927 Et
560 1898 744 1940 exspecto
774 1898 858 1928 tuas
893 1890 1062 1938 littera53
1101 1891 1286 1941 scripsisti
1316 1893 1420 1930 enim
1452 1900 1489 1931 te
1520 1893 1607 1932 scri-

231 1957 259 1995 6
280 1961 436 2003 pturum
458 1968 542 1992 esse
563 1956 673 2004 plura
694 1968 784 1993 cum
805 1955 933 2004 ipsum
955 1955 1128 1994 vidisses.
1190 1958 1321 1996 Omne
1344 1972 1474 1995 meum
1497 1959 1608 1996 obse-

280 2018 416 2067 quium
438 2018 476 2056 in
500 2018 608 2057 illum
630 2019 701 2057 suit
721 2033 812 2057 cum
834 2021 957 2058 multa
977 2021 1191 2067 severitate,
1216 2035 1344 2071 neque
1373 2036 1495 2060 unum
1524 2023 1608 2061 eius

280 2096 352 2121 nec
386 2096 548 2133 parvum
583 2085 652 2122 sed
688 2086 810 2123 multa
848 2098 990 2135 magna
1021 2086 1163 2124 delicta
1197 2087 1422 2137 compressi.
1485 2087 1608 2126 Patris

328 2197 339 2216 1
368 2191 441 2217 ante
458 2187 567 2218 facere
584 2188 661 2219 add.
682 2189 791 2219 aiebat
810 2188 907 2220 Rom.
1067 2200 1086 2229 3
1112 2190 1166 2220 illo
1184 2189 1235 2219 M*
1253 2202 1260 2221 :
1286 2191 1365 2220 illud
1385 2191 1463 2221 conf.
1484 2189 1608 2221 Wesen-

280 2230 356 2268 her-gr
483 2242 498 2270 7
524 2231 584 2271 illi]
595 2232 674 2270 sort.
698 2233 741 2262 illi
760 2233 811 2262 usi
944 2234 982 2263 16
1006 2234 1068 2263 nisi
1089 2235 1142 2272 pic
1161 2234 1301 2264 Rosius:
1328 2235 1389 2263 nisi
1408 2235 1462 2264 die
1479 2229 1608 2264 EOZb:

283 2274 398 2303 infidie
415 2272 491 2304 M¹÷
520 2275 622 2305 infide
640 2275 715 2306 ils-'z
746 2276 808 2305 nisi
827 2276 940 2307 divine
957 2277 982 2307 I.
1036 2277 1083 2316 (s.
1104 2276 1280 2307 Lrlmmnn
1303 2277 1403 2308 ‘Am'
1422 2283 1473 2317 pp.
1495 2279 1526 2315 8,
1550 2289 1607 2316 137

283 2326 325 2346 20
348 2327 489 2354 quorum
508 2323 558 2348 est
577 2318 694 2349 Lamb.
710 2330 716 2348 z
741 2329 881 2358 quorum
901 2326 936 2350 ut
952 2320 1057 2351 codd:
1082 2326 1116 2351 ut
1133 2332 1271 2360 quorum
1289 2320 1440 2351 Sslmu‘dt
1569 2331 1609 2350 22

283 2370 348 2389 11011
368 2360 448 2394 tam]
469 2361 501 2389 in
520 2362 712 2391 Terentiam
728 2361 878 2392 Srlmn'dl
892 2375 898 2393 :
914 2364 994 2402 sors.
1015 2364 1048 2393 in
1067 2369 1206 2394 matrem
1224 2376 1230 2395 :
1255 2374 1323 2394 non
1342 2369 1407 2395 tam
1425 2365 1502 2403 quia
1521 2364 1610 2395 filius

282 2413 381 2441 quam
401 2403 449 2433 vel
462 2404 562 2434 etiam
582 2404 772 2445 Malaspina
897 2408 939 2436 26
964 2407 1021 2448 Et]
1041 2407 1109 2438 Sed
1126 2408 1315 2448 Malaspinn
1441 2418 1483 2447 29
1507 2409 1610 2438 multa

283 2450 316 2476 et
335 2457 454 2485 magna
471 2447 648 2478 Asa-ussus
