1827 2798
564 167 676 205 EPP.
707 165 784 202 AD
814 164 1072 203 ATTICVM
1425 163 1496 200 XI.
1520 162 1581 198 xii

161 276 373 328 multisque
403 276 586 316 mandavi
616 291 679 315 me
708 290 789 315 non
818 275 1004 327 potuisse,
1027 288 1149 326 quom
1180 273 1386 325 eupissern,
1415 286 1488 311 ser-

162 356 299 381 mones
334 342 540 380 hominum
572 342 771 388 sustinere,
810 343 1011 390 multaque
1043 341 1082 378 in
1117 354 1203 378 eam
1238 339 1483 378 sententiam.

161 406 271 444 Nihil
300 407 405 444 enim
437 415 517 445 erat
547 407 655 456 quod
685 406 814 444 minus
842 419 931 443 eum
952 407 1092 443 vellem
1118 405 1337 443 existimare
1367 417 1485 454 quam

161 485 225 509 me
254 478 361 509 tanta
391 472 441 510 de
471 485 510 510 re
540 484 620 509 non
651 484 740 508 meo
770 469 935 508 consilio
964 483 1078 507 usum
1110 483 1205 507 esse.
1266 471 1486 518 Posteaque

125 548 141 579 5
161 549 282 585 quom
308 536 403 574 mihi
428 537 577 574 litterae
603 549 625 573 a
654 535 779 573 Balbo
801 534 986 572 Cornelio
1014 535 1164 571 minore
1195 533 1335 571 missae
1356 541 1485 572 essent

161 601 271 638 illum
310 600 530 639 existimare
570 599 764 648 Quintum
802 599 959 636 fratrem
1002 598 1184 635 ‘lituum'
1219 611 1330 635 meae
1363 599 1487 647 profe-

161 665 301 702 ctionis
332 665 450 703 fuisse
485 665 554 715 (ita
588 664 693 702 enim
729 662 909 714 scripsit),
945 661 1011 712 qui
1042 664 1221 700 nondum
1253 675 1485 711 cognossem

161 742 262 779 quae
282 731 332 767 de
353 743 416 767 me
438 728 609 777 Quintus
635 727 850 777 scripsisset
879 728 930 765 ad
957 728 1112 773 multos,
1135 727 1206 765 etsi
1234 728 1355 764 multa
1382 740 1488 776 prae-

161 805 250 831 sens
280 793 319 831 in
344 801 590 842 praesentem
619 792 760 830 acerbe
787 792 935 830 dixerat
965 799 1002 829 et
1027 793 1180 838 fecerat,
1207 799 1337 830 tamen
1364 792 1485 829 nihilo

106 872 143 893 10
163 858 290 896 minus
311 858 370 895 his
390 858 516 895 verbis
536 858 587 895 ad
609 858 817 895 Caesarem
838 855 973 906 scripsi
992 871 999 894 z

218 925 305 961 ‘De
336 923 487 971 Quinto
516 923 630 959 fratre
660 935 749 959 meo
780 935 860 959 non
891 921 1019 958 minus
1044 922 1179 960 laboro
1203 935 1321 971 quam
1346 923 1396 960 de
1423 935 1485 960 me
1503 929 1527 956 2

162 989 258 1038 ipso,
295 989 364 1025 sed
403 1001 493 1025 eum
533 986 603 1024 tibi
643 987 923 1025 commendare
957 987 1034 1023 hoc
1073 1000 1162 1024 meo
1196 994 1372 1036 tempore
1406 1000 1485 1025 non

162 1054 300 1090 audeo.
362 1053 466 1090 Illud
494 1053 696 1090 dumtaxat
725 1057 856 1088 tamen
877 1050 1035 1088 audebo
1066 1058 1197 1100 petere
1223 1051 1293 1088 abs
1320 1058 1357 1089 te
1378 1052 1486 1100 quod

163 1125 309 1167 potero,
341 1130 390 1154 ne
421 1116 516 1165 quid
544 1115 740 1153 existimes
772 1114 823 1152 ab
857 1113 924 1152 illo
955 1115 1101 1152 factum
1131 1128 1216 1152 esse
1247 1128 1326 1164 quo
1358 1116 1486 1154 minus

106 1194 143 1225 15
164 1194 249 1220 mea
270 1182 309 1219 in
330 1189 367 1219 te
389 1181 516 1218 officia
537 1186 762 1218 constarent
783 1179 961 1217 minusve
985 1187 1023 1217 te
1050 1179 1250 1228 diligerem
1277 1180 1487 1230 potiusque

161 1259 315 1296 semper
335 1246 443 1283 illum
465 1253 665 1283 auctorem
695 1252 851 1283 nostrae
881 1244 1171 1283 coniunctionis
1191 1245 1309 1283 fuisse
1331 1246 1486 1295 meique

162 1311 306 1349 itineris
346 1310 543 1357 comitem,
580 1324 661 1348 non
695 1311 852 1348 ducem.
911 1311 1002 1357 Qua
1039 1323 1079 1348 re
1118 1307 1254 1348 ceteris
1293 1309 1332 1347 in
1371 1311 1486 1349 rebus

161 1383 312 1413 tantum
333 1375 368 1414 ei
389 1376 535 1413 tribues
557 1382 746 1424 quantum
765 1373 989 1412 humanitas
1010 1381 1076 1412 tua
1095 1374 1345 1424 amicitiaque
1362 1384 1486 1413 vestra

160 1442 340 1490 postulat.
400 1442 486 1490 Ego
513 1439 548 1478 ei
574 1454 624 1478 ne
649 1439 744 1489 quid
768 1440 875 1488 apud
896 1446 933 1477 te
954 1437 1093 1486 obsim,
1116 1438 1156 1477 id
1177 1447 1215 1478 te
1234 1440 1487 1479 vehementer

104 1520 142 1541 20
161 1505 278 1544 etiam
298 1513 416 1557 atque
437 1505 554 1543 etiarn
575 1506 694 1555 rog0.'

214 1572 304 1619 Qua
331 1584 370 1608 re
398 1570 429 1608 si
453 1569 540 1620 quis
564 1582 796 1619 congressus
826 1568 940 1607 fuerit
968 1567 1063 1606 mihi
1091 1582 1180 1606 cum
1210 1570 1386 1615 Caesare,
1414 1569 1484 1608 etsi
1506 1577 1529 1614 3

160 1649 240 1673 non
271 1635 411 1673 dubito
442 1634 538 1684 quin
572 1634 604 1672 is
639 1633 735 1672 lenis
774 1633 815 1671 in
849 1633 958 1671 illum
994 1635 1144 1671 futurus
1176 1633 1223 1671 sit
1255 1633 1374 1683 idque
1407 1633 1484 1671 iam

159 1700 421 1747 declaraverit,
459 1714 531 1750 ego
565 1708 697 1737 tamen
737 1698 768 1736 is
803 1712 869 1736 ero
904 1698 970 1748 qui
1005 1712 1158 1748 semper
1192 1698 1255 1736 fui.
1320 1700 1408 1745 Sed,
1443 1707 1485 1737 ut

158 1765 284 1812 video,
308 1767 432 1804 multo
460 1765 581 1815 magis
609 1773 667 1803 est
691 1764 805 1802 nobis
833 1764 1093 1802 laborandum
1114 1764 1164 1802 de
1180 1763 1336 1811 Africa,
1365 1778 1484 1814 quam

102 1843 139 1872 25
159 1830 320 1879 quidem
347 1837 389 1868 tu
417 1830 551 1868 scribis
582 1828 803 1868 confirmari
833 1827 978 1867 cotidie
1008 1827 1130 1877 magis
1159 1829 1209 1866 ad
1239 1828 1484 1867 condicionis

158 1908 268 1944 spem
296 1908 414 1944 quam
441 1895 635 1933 victoriae.
697 1895 818 1942 Quod
846 1892 995 1930 utinam
1023 1891 1076 1929 ita
1102 1895 1227 1930 esset!
1266 1893 1344 1930 Sed
1369 1894 1484 1942 longe

157 1958 267 1996 aliter
300 1972 384 1997 esse
418 1958 602 2009 intellego
641 1965 759 2007 teque
798 1958 927 2008 ipsum
963 1956 1016 1994 ita
1054 1956 1274 1995 existimare
1307 1956 1481 2004 arbitror,

156 2022 266 2060 aliter
280 2030 411 2060 autern
433 2023 600 2061 scribere
617 2036 697 2061 non
717 2021 877 2060 fallendi
894 2022 963 2060 sed
980 2021 1239 2059 confirmandi
1260 2020 1336 2058 mei
1353 2034 1483 2068 causa,

157 2086 382 2136 praesertim
403 2100 494 2125 cum
514 2087 748 2136 adiungatur
768 2087 818 2124 ad
840 2086 1012 2124 Africam
1035 2085 1152 2123 etiam
1176 2085 1379 2135 Hispania.

98 2165 138 2194 30
211 2151 332 2199 Quod
375 2164 438 2189 me
480 2152 671 2189 admones
711 2158 753 2188 ut
796 2150 963 2188 scribam
1008 2151 1058 2188 ad
1093 2149 1311 2188 Antonium
1353 2158 1391 2188 et
1430 2151 1526 2195 ad4

203 2265 215 2285 1
242 2265 294 2285 me
316 2254 361 2283 W
374 2255 458 2285 Crat.
480 2267 486 2285 :
523 2266 585 2286 om.
606 2258 660 2286 ΣΔ
792 2264 811 2293 5
836 2264 934 2293 quom
955 2254 1047 2284 Man.
1070 2254 1112 2293 (is
1129 2253 1217 2293 curn)
1236 2265 1243 2285 :
1276 2264 1375 2293 quam
1395 2252 1486 2283 MW

154 2304 175 2338 9
199 2298 347 2338 dixerat]
367 2299 417 2328 ln'c
438 2299 553 2328 desinit
572 2298 617 2327 W
743 2298 848 2328 nihilo
873 2298 984 2328 minus
1008 2298 1060 2328 his
1084 2297 1261 2328 Graevius:
1286 2298 1305 2328 l.
1326 2298 1478 2328 lomeous

155 2341 210 2371 Μι
228 2354 234 2372 :
251 2343 270 2373 l.
291 2352 365 2372 meo
384 2342 422 2372 iis
440 2342 495 2371 Μ2
512 2354 518 2373 z
545 2342 586 2371 de
605 2352 646 2371 eo
671 2341 735 2377 his,
748 2341 841 2372 Imm.
957 2351 1005 2379 13.
1030 2351 1067 2378 14
1092 2341 1181 2380 quod
1199 2345 1316 2380 potero
1334 2340 1477 2372 Mt'c'ller:

154 2386 242 2424 quod
261 2390 294 2415 te
310 2396 370 2416 oro
389 2385 474 2417 codd.
494 2396 501 2416 ε
525 2385 613 2425 quod
631 2385 738 2416 debeo
755 2384 855 2416 Reid:
881 2385 992 2424 quoad
1010 2389 1044 2415 te
1062 2384 1176 2415 videro
1193 2384 1282 2414 Koch

197 2449 259 2470 cxc.
277 2449 325 2470 AD
341 2448 415 2471 Αττ.
1349 2439 1390 2470 25
