1827 2798
593 132 705 170 EPP.
740 132 815 169 AD
847 129 1103 169 ATTICVM
1394 125 1505 163 XVI.
1526 124 1602 160 viii

218 260 336 297 VIII
423 262 491 294 Ser.
512 263 545 293 1'n
563 264 742 294 Puteolano
759 264 790 294 iv
805 263 891 294 Non.
912 262 992 293 Nov.
1013 273 1041 293 a.
1067 273 1122 301 710
1142 260 1231 303 (44).

590 351 762 382 CICERO
785 352 963 382 ATTICO
985 351 1091 382 SAL.

232 444 335 482 Cum
365 441 486 480 sciam
515 454 596 490 quo
616 440 681 478 die
701 448 886 478 venturus
917 439 1000 486 sim,
1023 439 1163 478 faciam
1192 446 1233 477 ut
1263 436 1372 476 scias.
1429 436 1505 474 Im·
1525 446 1541 473 1

178 507 405 557 pedimenta
443 506 707 555 exspectanda
749 511 839 542 sunt
882 518 983 554 quae
1031 503 1213 552 Anagnia
1259 501 1421 541 veniunt
1469 506 1507 539 et

140 581 156 610 5
178 571 324 609 familia
342 584 456 620 aegra
476 577 544 608 est.
607 570 694 607 Kal.
717 568 868 618 vesperi
897 568 1047 607 litterae
1072 567 1167 605 mihi
1194 568 1244 606 ab
1275 566 1503 606 Octaviano.

180 638 327 686 Magna
360 634 528 673 molitur.
587 636 806 672 Veteranos
841 633 907 683 qui
938 638 1032 671 sunt
1063 632 1226 672 Casilini
1260 639 1298 670 et
1333 630 1507 671 Calatiae

177 700 358 750 perduxit
395 700 447 738 ad
485 695 596 737 suam
635 698 882 736 sententiam.
959 699 1046 736 Nec
1094 697 1247 743 mirum,
1288 695 1508 746 quingenos

178 764 359 803 denarios
380 765 458 802 dat.
518 763 675 813 Cogitat
702 762 870 812 reliquas
900 761 1074 800 colonias
1101 761 1221 800 obire.
1282 762 1403 798 Plane
1432 761 1509 798 hoc

179 836 328 878 spectat
359 835 402 866 ut
431 842 472 866 se
502 828 603 866 duce
638 828 784 865 bellum
814 834 967 876 geratur
997 840 1088 865 cum
1120 825 1307 864 Antonio.
1368 826 1509 874 Itaque

180 892 294 931 video
333 892 468 942 paucis
506 892 647 930 diebus
686 905 758 929 nos
796 891 835 929 in
874 891 991 929 arrnis
1030 892 1121 931 foros
1201 892 1332 939 Quem
1375 896 1507 928 autem

179 959 419 1007 sequamur?
492 957 596 995 Vide
634 970 791 1003 nomen,
831 956 921 995 vide
958 964 1137 994 aetatem.
1216 957 1347 1005 Atque
1385 968 1408 992 a
1446 967 1509 992 me

179 1023 351 1071 postulat
380 1021 548 1071 primum
579 1029 621 1059 ut
650 1022 750 1059 clam
781 1022 1042 1070 conloquatur
1071 1032 1227 1057 mecum
1257 1020 1318 1057 vel
1349 1020 1510 1068 Capuae

180 1088 239 1126 vel
269 1101 349 1125 non
380 1089 495 1136 longe
523 1100 547 1124 a
576 1087 722 1135 Capua.
783 1085 936 1124 Puerile
965 1086 1041 1123 hoc
1071 1084 1244 1134 quidem,
1267 1084 1298 1121 si
1328 1083 1367 1122 id
1398 1089 1510 1133 putat

180 1154 281 1190 clam
309 1151 390 1190 fieri
419 1164 546 1201 posse.
608 1149 737 1188 Docui
767 1163 836 1199 per
864 1149 1008 1187 litteras
1029 1148 1069 1187 id
1100 1162 1172 1187 nec
1200 1161 1299 1197 opus
1326 1161 1410 1186 esse
1436 1160 1510 1185 nec

146 1233 157 1238 ·
181 1217 261 1255 fieri
281 1229 407 1266 posse.
467 1214 576 1253 Misit
597 1215 647 1252 ad
668 1227 731 1252 me
752 1213 964 1253 Caecinam
986 1214 1185 1263 quendam
1208 1213 1507 1250 Volaterranum
1527 1222 1551 1249 2

180 1281 408 1320 familiarem
428 1293 543 1319 suum
561 1294 571 1328 5
600 1279 666 1329 qui
687 1281 785 1318 haec
805 1278 973 1329 pertulit,
997 1278 1216 1317 Antonium
1244 1291 1334 1316 cum
1355 1276 1509 1327 legione

180 1348 422 1385 Alaudarum
460 1347 512 1384 ad
553 1345 691 1383 urbem
737 1358 906 1394 pergere,
948 1344 1135 1393 pecunias
1181 1341 1404 1392 municipiis
1443 1341 1511 1379 im-

181 1426 325 1463 perare,
358 1411 553 1461 legionem
593 1410 666 1448 sub
706 1409 824 1459 signis
863 1410 1017 1447 ducere.
1077 1408 1338 1448 Consultabat
1380 1414 1510 1444 utrum

183 1479 354 1516 Romam
390 1489 480 1514 cum
514 1487 579 1513 013
611 1487 676 1513 cto
707 1486 773 1512 Clo
804 1481 1077 1512 veteranorum
1112 1472 1423 1523 proficisceretur
1460 1484 1510 1509 an

126 1558 139 1578 2
182 1543 362 1592 Capuam
383 1548 532 1579 teneret
553 1548 591 1578 et
620 1539 839 1578 Antonium
869 1539 1093 1577 venientem
1121 1538 1344 1577 excluderet
1370 1550 1419 1574 an
1441 1535 1511 1574 iret

180 1608 231 1646 ad
262 1606 328 1645 tris
362 1606 536 1656 legiones
577 1604 858 1643 Macedonicas
897 1617 998 1654 quae
1037 1603 1109 1642 iter
1146 1604 1366 1641 secundum
1406 1615 1512 1640 mare

181 1685 366 1722 superum
393 1671 569 1717 faciunt,·
602 1683 699 1719 quas
731 1676 858 1719 sperat
886 1682 975 1707 suas
1003 1682 1097 1707 esse.
1159 1670 1240 1706 Eae
1270 1666 1510 1717 congiarium

180 1737 230 1775 ab
265 1735 443 1774 Antonio
476 1734 654 1784 accipere
688 1736 908 1780 noluerunt,
940 1740 982 1770 ut
1015 1732 1079 1770 hic
1111 1732 1271 1782 quidem
1304 1739 1442 1777 narrat,
1474 1738 1512 1769 et

182 1801 217 1841 ei
246 1799 469 1840 convicium
498 1813 613 1849 grave
644 1800 819 1837 fecerunt
851 1797 1228 1847 contionantemque
1259 1796 1509 1846 reliquerunt.

125 1883 160 1911 25
184 1866 293 1915 Quid
331 1865 514 1915 quaeris?
561 1865 703 1902 ducem
743 1877 784 1901 se
822 1864 1025 1913 profitetur
1062 1875 1136 1900 nec
1175 1875 1248 1900 nos
1290 1861 1363 1899 sibi
1401 1867 1513 1911 putat

183 1932 321 1969 deesse
368 1937 558 1979 oportere.
638 1928 835 1978 Equidem
880 1927 981 1965 suasi
1031 1935 1072 1965 ut
1113 1928 1284 1965 Romam
1324 1932 1509 1975 pergeret.

183 1996 350 2034 Videtur
380 1994 486 2033 enim
521 1992 616 2031 mihi
647 2000 686 2030 et
723 1993 970 2042 plebeculam
1010 1993 1200 2030 urbanam
1240 1998 1288 2037 et,
1322 1990 1351 2028 si
1392 1991 1511 2028 fidem

183 2060 326 2106 fecerit,
350 2059 467 2098 etiarn
498 2059 625 2096 bonos
654 2057 756 2095 viros
786 2070 920 2095 secum
951 2056 1165 2094 habiturus.
1226 2056 1261 2094 O
1293 2058 1422 2101 Brute,
1445 2054 1512 2092 ubi

183 2127 253 2163 es?
293 2131 480 2174 quantam
513 2123 694 2172 εὐκαιρίαν
722 2121 892 2160 amittis!
951 2122 1043 2159 Non
1083 2120 1267 2170 equidem
1308 2121 1383 2158 hoc
1421 2120 1514 2158 divi—

185 2189 272 2228 navi
307 2191 377 2228 sed
411 2188 559 2238 aliquid
593 2189 670 2226 tale
703 2186 835 2236 putavi
865 2187 956 2224 fore.
1016 2187 1134 2223 Nunc
1164 2193 1275 2223 tuum
1306 2184 1513 2223 consilium

184 2254 356 2304 exquiro.
434 2255 657 2291 Romamne
695 2251 811 2290 venio
848 2265 897 2288 an
942 2249 1006 2288 hic
1046 2264 1187 2288 maneo
1225 2264 1275 2288 an
1320 2249 1514 2300 Arpinum

227 2357 249 2386 6
272 2355 327 2394 qui
343 2360 420 2386 sunt
443 2354 562 2384 Klotz:
586 2354 699 2392 quiqui
718 2351 778 2382 M:
793 2352 866 2391 soff
892 2352 946 2392 qui
964 2352 1100 2391 quidem
1194 2362 1232 2391 13
1254 2352 1308 2382 vel
1327 2363 1393 2383 non
1412 2353 1514 2391 longe

186 2410 205 2430 a
228 2400 345 2438 Capua
367 2409 397 2429 v.
413 2409 436 2428 c.
464 2397 492 2427 L
511 2398 654 2437 (marg.)
683 2391 731 2425 Zb
750 2396 837 2427 Crat.
859 2408 865 2426 :
889 2407 953 2426 om.
986 2399 1041 2426 ΣΔ
1177 2397 1215 2426 18
1239 2396 1299 2426 sub
1325 2390 1368 2425 Zb
1394 2395 1487 2427 Man.
1507 2408 1514 2426 z

187 2443 258 2473 suis
277 2442 317 2472 M
418 2450 456 2481 31
483 2442 615 2471 veniam
636 2465 665 2471 ..
685 2464 690 2470 .
712 2450 862 2470 maneam
885 2438 1075 2480 Wesenberg
