1827 2798
230 114 314 152 XV.
342 115 418 152 xiv
690 114 745 150 M.
778 112 947 150 TVLLI
980 111 1288 150 CICERONIS

322 232 555 275 perpetuum
591 221 806 260 Buthrotiis
836 220 1004 271 praesidi
1036 234 1257 271 magnaque
1286 234 1379 259 cura
1407 228 1445 260 et
1474 220 1657 260 sollicitu-

324 290 416 328 dine
445 288 621 326 Atticum
653 294 691 324 et
730 300 793 324 me
831 286 1014 332 liberaris,
1050 286 1081 324 si
1121 288 1196 324 hoc
1235 286 1396 324 honoris
1428 286 1504 325 mei
1539 300 1655 325 causa

323 352 538 402 susceperis
577 359 619 389 ut
653 365 720 390 eos
755 364 909 401 semper
942 365 965 389 a
1003 359 1041 389 te
1072 352 1256 389 defensos
1288 351 1393 389 velis.
1457 353 1578 400 Quod
1613 359 1655 389 ut

322 417 441 456 facias
461 425 499 455 te
519 418 773 454 vehementer
792 415 910 453 etiam
931 424 1049 465 atque
1070 415 1188 454 etiam
1209 417 1327 465 rogo?

278 499 305 536 4
380 482 455 520 His
484 481 619 520 litteris
646 481 797 531 scriptis
827 495 890 519 me
919 482 971 519 ad
995 483 1184 527 συντάξεις
1209 481 1301 519 dedi
1316 496 1326 529 3
1364 494 1465 531 quae
1492 480 1653 530 quidem
1675 496 1692 527 5

323 561 457 585 vereor
485 560 535 585 ne
565 545 726 584 miniata
755 547 885 584 cerula
914 553 979 583 tua
1009 545 1185 596 pluribus
1214 545 1310 584 locis
1340 547 1538 584 notandae
1565 545 1653 584 sint.

322 614 385 651 Ita
404 625 491 650 sum
511 612 690 662 μετέωρος
710 618 748 649 et
769 610 920 660 magnis
941 610 1246 660 cogitationibus
1267 609 1490 661 impeditus.

365 718 451 753 XV
671 720 739 752 Ser.
759 721 791 750 z'n
809 720 945 750 Antiati
959 720 1008 750 Id.
1028 720 1104 752 Iun.
1124 731 1155 752 α.
1177 730 1234 759 710
1253 719 1339 760 (44).

732 796 903 827 CICERO
934 795 1116 827 ATTICO
1146 795 1253 828 SAL.

285 885 302 911 1
377 872 418 908 L.
442 870 619 909 Antonio
647 871 748 908 male
775 869 833 917 sit,
861 868 892 907 si
919 868 1081 919 quidem
1107 868 1323 907 Buthrotiis
1353 869 1542 908 molestus
1572 872 1654 908 est!
1677 886 1714 908 10

322 936 408 985 Ego
438 935 707 974 testimonium
737 934 943 985 composui
976 936 1084 984 quod
1114 948 1206 972 cum
1233 936 1340 972 voles
1370 934 1651 984 obsignabitur.

320 1002 518 1039 Nummos
545 1000 805 1051 Arpinatium,
833 999 864 1038 si
891 1001 933 1038 L.
959 999 1103 1038 Fadius
1132 999 1269 1037 aedilis
1296 1006 1418 1049 petet,
1437 1000 1498 1037 vel
1525 1000 1653 1044 omnis

319 1066 484 1104 reddito.
554 1068 638 1116 Ego
672 1067 722 1104 ad
756 1073 794 1104 te
827 1065 902 1103 alia
933 1065 1099 1115 epistula
1129 1064 1265 1114 scripsi
1293 1066 1337 1102 de
1368 1066 1438 1103 Hs
1469 1067 1523 1102 (ῖς
1553 1078 1653 1115 quae

319 1131 443 1169 Statio
481 1139 716 1169 curarentur.
781 1130 820 1169 Si
859 1144 950 1180 ergo
988 1138 1094 1180 petet
1135 1129 1290 1177 Fadius,
1325 1129 1360 1168 ei
1398 1132 1488 1168 volo
1527 1131 1650 1178 reddi,

318 1205 470 1246 praeter
491 1196 657 1235 Fadium
678 1196 836 1234 nemini.
897 1197 1017 1246 Apud
1045 1209 1107 1234 me
1129 1195 1247 1234 1116111
1271 1202 1368 1245 puto
1388 1195 1649 1245 depositum†.
1675 1213 1711 1244 15

320 1263 369 1300 Id
390 1261 524 1311 scripsi
544 1263 595 1299 ad
618 1263 777 1299 Erotem
799 1268 841 1299 ut
862 1262 1051 1299 redderet.

275 1336 300 1364 2
374 1326 568 1376 Reginam
603 1326 680 1365 odi.
741 1327 790 1364 Id
821 1339 884 1364 me
915 1325 996 1364 iure
1031 1327 1157 1365 facere
1191 1327 1263 1365 scit
1297 1341 1463 1378 sponsor
1491 1327 1652 1378 promis-

318 1405 451 1430 sorum
489 1391 572 1430 eius
610 1391 859 1438 Ammonius,
900 1404 1000 1440 quae
1040 1391 1202 1441 quidem
1241 1400 1350 1430 erant
1388 1395 1581 1445 φιλόλογα
1614 1402 1652 1431 61

317 1456 517 1507 dignitatis
542 1470 653 1495 meae
679 1464 721 1494 ut
748 1457 808 1494 vel
838 1456 877 1493 in
907 1456 1092 1495 contione
1114 1459 1244 1496 dicere
1272 1460 1471 1497 auderem.
1531 1460 1651 1497 Saran

316 1529 461 1568 autem,
502 1529 773 1571 praeterquam
822 1522 930 1571 quod
979 1522 1169 1560 nefarium
1219 1523 1433 1570 hominem,
1483 1523 1650 1574 cognovi
1673 1538 1710 1560 20

317 1595 516 1637 praeterea
544 1587 584 1624 in
614 1601 677 1625 1116
709 1594 996 1624 contumacem.
1057 1590 1187 1626 Semel
1218 1602 1309 1627 eum
1344 1588 1507 1627 0111111110
1541 1588 1649 1626 domi

317 1666 428 1690 meae
459 1651 548 1690 vidi.
610 1653 712 1691 Cum
745 1654 984 1702 φιλοφρόνως
1014 1667 1060 1691 ex
1090 1667 1138 1691 eo
1168 1667 1394 1703 quaererem
1425 1653 1521 1703 quid
1550 1666 1650 1703 opus

316 1726 428 1765 esset,
452 1717 628 1755 Atticum
658 1731 699 1755 se
729 1717 825 1756 dixit
849 1732 1044 1767 quaerere.
1105 1718 1337 1768 Superbiam
1366 1726 1498 1756 autem
1528 1718 1650 1768 ipsius

315 1782 481 1832 reginae,
513 1795 602 1820 cum
634 1790 734 1820 esset
764 1790 868 1820 trans
899 1782 1074 1821 Tiberim
1105 1783 1144 1820 in
1174 1783 1306 1830 hortis,
1338 1796 1649 1820 commemorare

315 1848 398 1886 sine
421 1861 563 1897 magno
584 1848 719 1886 dolore
740 1861 820 1886 non
841 1862 1014 1897 possum.
1066 1848 1175 1886 Nihil
1196 1847 1310 1898 igitur
1329 1862 1419 1886 611111
1441 1847 1547 1894 istis3
1574 1861 1647 1886 nec
1670 1862 1708 1894 25

315 1921 395 1951 tam
416 1912 591 1950 animum
614 1926 676 1950 1116
698 1926 816 1962 quam
838 1914 1086 1951 stomachum
1108 1913 1253 1951 habere
1272 1912 1517 1950 arbitrantur.

270 1990 296 2027 3
372 1977 660 2016 Profectionem
682 1992 822 2025 meam,
846 1985 888 2015 ut
908 1978 1035 2025 video,
1060 1977 1188 2016 Erotis
1209 1977 1450 2028 dispensatio
1471 1976 1647 2027 impedit.

317 2044 422 2081 Nam
452 2056 542 2081 cum
572 2056 619 2081 ex
648 2042 804 2092 reliquis
826 2056 927 2092 quae
949 2042 1076 2081 Nonis
1096 2042 1298 2092 Aprilibus
1327 2042 1419 2080 fecit
1447 2043 1650 2081 abundare

315 2109 494 2156 debeam,
527 2122 647 2158 cogor
676 2107 855 2154 mutuari,
888 2110 1077 2158 quodque
1108 2122 1155 2146 ex
1183 2107 1265 2146 istis
1295 2107 1502 2146 fructuosis
1532 2108 1649 2146 rebus

363 2200 401 2228 13
425 2191 466 2220 de
483 2189 558 2221 add.
579 2190 668 2230 vulg.
778 2200 816 2226 14
841 2201 859 2220 a
878 2189 987 2220 Statio
998 2190 1082 2219 Boot
1107 2201 1113 2220 :
1140 2190 1242 2220 Fadio
1263 2189 1395 2220 Graeter
1528 2200 1565 2228 15
1591 2190 1648 2219 de-

316 2234 459 2273 positum
473 2233 508 2251 *ss
525 2234 714 2274 ll'escnbrrg
806 2244 842 2272 17
869 2234 933 2263 odi.
983 2233 1020 2263 Id
1036 2243 1088 2263 me
1106 2230 1144 2262 Z!
1164 2233 1265 2263 Orelli
1277 2244 1316 2263 ex
1329 2233 1404 2263 coni.
1422 2243 1428 2262 :
1454 2233 1524 2263 odit
1541 2243 1593 2262 me
1611 2231 1652 2262 M

317 2277 379 2307 scit
398 2277 462 2309 <vel
476 2278 570 2306 testis
581 2278 622 2307 sit
641 2278 689 2307 vel
704 2278 800 2307 testis
819 2278 884 2318 est)
908 2275 1120 2317 lVesenbctg:
1144 2278 1187 2307 sit
1206 2276 1247 2306 M
1360 2277 1399 2306 18
1423 2276 1647 2306 Hammonius

322 2319 450 2358 Tyrrell,
470 2320 507 2358 cf.
529 2320 622 2350 Fam.
655 2321 673 2351 i.
697 2330 723 2350 1.
748 2331 762 2350 1
909 2321 950 2350 26
974 2331 1074 2359 quam
1097 2321 1305 2350 stomachum
1329 2319 1471 2350 Mz'iller:
1495 2320 1647 2358 quamvis

319 2364 517 2393 homachum
547 2363 604 2394 M:
640 2374 739 2402 quam
764 2364 852 2394 iuste
878 2364 1089 2394 stomachum
1116 2360 1177 2393 Z‘:
1212 2374 1313 2402 quam
1349 2364 1405 2393 vix
1436 2363 1646 2393 stomachum

318 2407 439 2436 Bassus
458 2406 484 2435 L
503 2409 642 2445 (mmgr.)
661 2417 700 2436 ex
715 2417 744 2437 v.
763 2417 786 2437 c.
795 2407 878 2445 fort.
898 2411 974 2438 recte
1149 2408 1190 2437 28
1215 2411 1288 2438 ante
1308 2407 1481 2437 abundare
1499 2405 1572 2436 add.
1592 2406 1645 2436 vel

320 2450 403 2480 Crat.
423 2449 539 2479 codices
557 2450 756 2481 Omnis-uses
