1827 2798
588 157 700 194 EPP.
730 156 808 193 AD
837 155 1096 194 ATTICVM
1475 155 1521 190 X.
1545 154 1589 190 iv

200 276 333 308 autem
361 267 501 306 lenitas
529 269 699 306 amanda
728 267 858 317 potius
885 267 937 305 ab
962 266 1030 305 illo
1058 280 1177 317 quam
1207 273 1287 304 tam
1315 264 1522 304 crudeliter

202 334 455 383 neglegenda.
515 334 620 370 Nam
658 332 803 370 litteras
841 331 924 371 eius
960 333 1013 370 ad
1047 333 1256 371 Caesarem
1296 330 1433 369 missas
1471 330 1523 368 ita

200 397 366 448 graviter
390 397 551 435 tulimus
581 405 623 435 ut
648 405 686 435 te
709 396 871 446 quidem
897 398 1112 434 celaremus
1142 397 1211 435 sed
1238 395 1359 446 ipsius
1380 395 1525 434 videre-

204 476 291 500 mur
309 462 428 500 vitam
449 462 651 500 insuavem
671 461 899 500 reddidisse.
955 463 1048 499 Hoc
1067 475 1159 499 vero
1178 460 1262 499 cius
1283 460 1353 498 iter
1371 460 1525 498 simula-

167 539 185 571 5
204 527 338 577 tioque
358 527 512 577 pietatis
535 527 661 577 qualis
682 527 795 565 fuerit
820 540 900 565 non
928 528 1058 565 audeo
1077 526 1233 573 dicere;
1264 533 1417 563 tantum
1443 525 1526 563 scio

203 600 293 643 post
315 592 491 630 Hirtium
517 601 758 631 conventum
784 592 1012 630 arcessitum
1038 605 1062 629 a
1083 592 1260 637 Caesare,
1283 604 1373 628 cum
1400 604 1449 628 eo
1476 591 1526 628 de

202 671 292 696 meo
319 657 454 696 animo
481 671 506 696 a
531 658 610 696 suis
639 657 855 696 rationibus
884 656 1125 695 alienissimo
1153 664 1193 694 et
1219 655 1386 693 consilio
1415 655 1525 693 relin-

201 722 349 772 quendi
385 723 564 770 Italiam3
606 731 644 761 et
675 725 773 761 haec
805 722 888 772 ipsa
921 721 1070 760 timide.
1143 722 1222 759 Sed
1253 722 1362 758 nulla
1392 728 1526 758 nostra

201 789 317 836 culpa
355 795 424 834 est,
458 795 595 825 natura
633 787 847 824 metuenda
883 794 952 824 est.
1024 788 1138 824 Haec
1172 785 1396 832 Curionem,
1427 786 1525 823 haec

145 862 183 885 10
205 851 393 889 Hortensi
423 852 560 899 filiurn,
584 865 665 890 non
695 859 848 901 patrum
876 852 994 900 culpa
1020 850 1203 900 corrupit.

256 918 364 954 Iacet
385 916 424 953 in
446 929 620 954 maerore
641 929 751 953 meus
772 917 886 952 frater
905 928 1035 964 neque
1055 922 1134 952 tarn
1156 916 1206 953 de
1226 928 1296 953 sua
1311 914 1389 953 vita
1404 929 1523 965 quani

202 983 252 1019 de
273 994 360 1019 mea
381 981 529 1019 metuit.
581 980 688 1018 Huic
709 988 750 1017 tu
773 978 883 1031 [huic
898 978 960 1031 tu]
978 981 1081 1017 malo
1096 981 1206 1017 adfer
1220 980 1523 1026 consolationes,

203 1046 232 1083 si
255 1048 351 1084 ullas
373 1055 510 1095 potes3
539 1044 708 1083 maxime
727 1044 890 1094 quidem
917 1044 1023 1081 illam
1043 1044 1172 1089 velim,
1195 1056 1241 1081 ea
1261 1058 1362 1093 quae
1380 1046 1432 1082 ad
1453 1059 1526 1083 nos

203 1111 332 1148 delata
362 1110 439 1147 sint
469 1117 536 1147 aut
566 1111 662 1146 falsa
690 1122 777 1146 esse
806 1115 873 1145 aut
903 1107 1065 1145 minora.
1124 1109 1239 1155 Quae
1264 1107 1296 1145 si
1320 1121 1410 1146 vera
1434 1108 1523 1156 sint,

147 1190 182 1221 15
202 1174 297 1225 quid
317 1176 490 1212 futurum
511 1173 560 1212 sit
580 1173 619 1211 in
640 1174 714 1211 hac
734 1172 813 1210 vita
831 1180 870 1210 et
889 1173 979 1221 fuga
999 1172 1143 1210 nescio.
1189 1173 1293 1209 Nam
1313 1172 1346 1210 si
1367 1174 1525 1213 habere-

202 1253 289 1278 mus
309 1253 391 1277 rem
411 1237 847 1289 publicam,consilium
867 1237 964 1274 mihi
981 1250 1061 1274 non
1081 1238 1237 1275 deesset
1255 1251 1330 1275 nec
1347 1239 1400 1276 ad
1420 1251 1526 1277 seve-

201 1305 354 1343 ritatem
386 1318 460 1342 nec
492 1305 543 1342 ad
573 1302 868 1353 indulgentiam.
939 1303 1058 1340 Nunc
1087 1303 1185 1340 haec
1214 1302 1295 1340 sive
1322 1301 1526 1341 iracundia

201 1370 281 1408 sive
310 1371 446 1407 dolore
478 1368 558 1406 sive
590 1376 697 1405 metu
729 1374 929 1417 permotus
962 1366 1114 1415 gravius
1145 1366 1281 1416 scripsi
1311 1380 1429 1416 quam
1458 1375 1526 1406 aut

202 1443 290 1472 tuus
311 1434 351 1471 in
373 1433 481 1471 illum
501 1446 612 1471 amor
631 1440 697 1470 aut
719 1445 829 1469 meus
855 1431 1103 1480 postulabat3
1133 1430 1166 1468 si
1187 1445 1276 1469 vera
1296 1439 1397 1478 sunt,
1420 1432 1527 1482 igno—

142 1515 183 1537 20
202 1513 297 1546 sces,
313 1499 373 1537 sin
386 1500 492 1545 falsa,
509 1512 571 1536 me
592 1497 739 1535 libente
754 1496 893 1546 eripies
908 1495 1003 1533 mihi
1016 1497 1122 1533 hunc
1138 1509 1317 1534 errorem.
1351 1498 1526 1547 Quoquo

201 1566 322 1603 modo
342 1578 434 1603 vero
459 1577 500 1602 se
527 1576 586 1602 res
614 1562 787 1609 habebit,
809 1561 906 1599 nihil
930 1560 1156 1611 adsignabis
1181 1575 1257 1600 nec
1282 1569 1422 1612 patruo
1451 1577 1525 1601 nec

199 1631 308 1681 patri.

255 1697 358 1736 Cum
392 1698 491 1734 haec
524 1693 779 1745 scripsissem,
807 1706 832 1730 a
864 1691 1036 1731 Curione
1075 1691 1171 1729 mihi
1209 1692 1432 1731 nuntiatum
1466 1697 1567 1737 est7

200 1774 290 1798 eum
317 1762 368 1799 ad
395 1775 458 1799 me
478 1760 620 1799 venire.
680 1761 851 1797 Venerat
879 1757 985 1795 enim
1012 1756 1043 1794 is
1068 1756 1107 1793 in
1129 1757 1354 1795 Cumanum
1375 1758 1523 1808 vesperi

142 1839 179 1870 25
200 1826 334 1876 pridie,
372 1826 412 1864 id
450 1833 509 1864 est
548 1825 698 1863 Idibus.
762 1823 803 1861 Si
841 1822 937 1872 quid
974 1821 1090 1871 igitur
1127 1821 1211 1859 eius
1250 1822 1359 1860 modi
1397 1836 1525 1861 sermo

199 1891 282 1929 eius
320 1890 492 1929 attulerit
525 1891 633 1941 quod
671 1890 722 1927 ad
756 1896 795 1927 te
832 1887 1086 1926 scribendum
1126 1886 1185 1933 sit,
1217 1886 1258 1925 id
1292 1887 1351 1926 his
1389 1888 1524 1926 litteris

197 1956 420 2007 adiungam.

254 2021 454 2061 Praeteriit
491 2022 623 2060 villam
661 2034 790 2059 meam
830 2019 950 2058 Curio
990 2018 1179 2067 iussitque
1218 2017 1314 2056 mihi
1352 2018 1519 2056 nuntiari
1541 2024 1564 2060 8

199 2100 291 2125 mox
311 2101 351 2125 se
372 2095 580 2125 venturum
606 2085 854 2134 cucurritque
876 2085 1061 2121 Puteolos
1082 2091 1123 2120 ut
1145 2082 1197 2120 ibi
1218 2083 1518 2122 contionaretur.

245 2201 281 2220 12
305 2190 382 2220 huic
399 2195 434 2219 tu
452 2189 508 2219 del.
527 2189 658 2219 Baiter:
682 2189 757 2218 huic
775 2187 843 2219 stu]
862 2187 938 2217 huic
956 2191 989 2216 tu
1007 2186 1135 2225 Kayser
1286 2195 1322 2224 14
1347 2197 1426 2216 vera
1443 2192 1522 2218 sunt

202 2233 392 2273 [Vcsenberg
536 2243 572 2271 15
597 2233 665 2262 vita
681 2237 714 2262 et
734 2231 797 2261 OR
813 2231 895 2260 Ant.
913 2229 960 2259 FI
972 2229 1058 2260 codd.
1076 2229 1156 2259 Bosi
1168 2228 1196 2258 L
1215 2230 1354 2269 (mmg.)
1372 2240 1377 2259 ε
1402 2241 1469 2261 om.
1487 2231 1526 2260 M

201 2287 239 2316 17
257 2276 502 2315 indulgentiam
517 2276 626 2307 Mam:
652 2275 861 2309 diligentiam
879 2273 966 2304 codd.
1060 2273 1154 2303 Nunc
1174 2274 1254 2303 haec
1269 2272 1376 2303 Crem:
1401 2273 1445 2304 M.
1462 2284 1523 2304 nce

198 2319 275 2350 M¹t
301 2331 389 2350 nunc
407 2320 567 2350 ERM'2s:
592 2320 675 2349 haec
694 2317 768 2348 Vict.
915 2327 957 2347 20
981 2318 1033 2347 sin
1052 2316 1138 2346 th'd
1152 2316 1199 2346 ad
1212 2316 1319 2346 Acad.
1338 2316 1355 2346 i.
1375 2328 1391 2356 7
1409 2328 1415 2346 ε
1439 2317 1466 2347 si
1487 2317 1526 2346 JI

198 2373 238 2402 25
265 2365 368 2401 igitur
385 2364 457 2393 eius
475 2364 562 2393 modi
578 2363 676 2392 Rom.
693 2374 699 2392 :
726 2362 798 2391 eins
818 2361 919 2399 igitur
936 2360 1024 2390 modi
1043 2359 1101 2391 M:
1127 2361 1227 2399 igitur
1242 2360 1322 2390 mihi
1340 2360 1412 2390 eius
1428 2360 1527 2391 Orelli

199 2407 273 2447 (del.
292 2407 364 2438 eius
380 2407 401 2438 l.
423 2408 481 2447 26)
613 2407 655 2436 26
681 2406 733 2435 his
749 2405 893 2435 Sclu'ilz:
919 2405 951 2434 in
969 2403 1056 2435 codd.
