1827 2798
259 134 302 170 ,ἰ
663 134 719 171 Μ.
751 131 920 170 TVLLI
951 131 1258 170 CICERONIS

298 243 426 283 minus
457 245 565 294 quod
597 258 677 282 non
708 242 848 281 dubito
879 242 974 292 quid
1007 242 1123 281 nobis
1154 244 1352 293 agendum
1385 251 1523 294 putes:
1557 242 1624 293 qui

297 308 401 347 enim
421 308 554 346 Flavio
574 308 769 357 legionem
791 315 829 345 et
851 306 1023 344 Siciliam
1040 307 1122 345 dari
1145 307 1290 346 scribas
1312 316 1349 346 et
1371 307 1441 346 id
1432 322 1508 346 lam
1530 307 1622 354 fieri,

296 387 396 423 quae
418 381 458 410 tu
479 374 625 410 scelera
645 371 785 422 partim
807 371 931 421 parari
952 371 1029 408 iam
1050 379 1089 409 et
1110 371 1280 420 cogitari,
1304 372 1443 422 partim
1465 386 1511 410 ex
1532 380 1626 410 tem-

297 451 390 486 pore
420 438 547 474 futura
575 438 742 475 censes?
800 437 886 484 Ego
907 450 998 474 vero
1023 436 1193 483 Solonis,
1215 436 1414 486 popularis
1442 436 1497 474 tui
1524 442 1559 474 el
1584 444 1626 474 ut

296 509 391 550 puto
413 501 529 539 etiam
552 501 642 549 mei,
664 503 790 550 legem
813 502 1026 550 neglegam,
1052 500 1119 550 qui
1147 501 1275 551 capite
1299 501 1424 539 sanxit
1446 501 1476 539 si
1498 501 1565 551 qui
1586 501 1625 539 in
1646 517 1662 547 5

296 565 489 604 seditione
511 580 591 603 non
612 565 769 604 alterius
791 565 913 602 utrius
936 564 1053 614 partis
1074 565 1220 612 fuisset,
1239 571 1282 612 et,
1306 565 1380 603 nisi
1402 565 1432 603 si
1454 573 1495 603 tu
1515 565 1626 604 aliter

296 644 442 677 censes,
470 638 508 669 et
538 631 630 668 hinc
659 631 779 668 abero
807 638 845 668 et
873 629 978 667 illim.
1039 631 1118 668 Sed
1144 631 1310 668 alterum
1341 629 1437 668 mihi
1464 638 1522 668 est
1549 644 1627 668 cer-

296 695 382 741 tius,
407 709 480 734 nec
501 695 733 746 praeripiam
755 702 899 732 tamen.
952 695 1202 744 Exspectabo
1224 702 1334 732 tuum
1357 695 1566 733 consilium
1587 703 1625 734 et

296 774 360 799 eas
381 761 541 808 litteras,
562 760 637 798 nisi
656 760 751 798 alias
779 759 855 797 iam
878 759 1022 798 dedisti
1042 773 1139 810 quas
1167 759 1302 810 scripsi
1326 768 1368 798 ut
1391 760 1626 810 Cephalioni

297 827 419 864 dares.
1647 841 1686 864 10

254 903 277 939 3
352 892 474 940 Quod
504 890 651 937 scribis,
682 904 762 929 non
791 904 871 940 quo
905 890 1089 929 alicunde
1122 890 1302 939 audieris,
1335 892 1404 930 sed
1432 899 1469 931 te
1497 891 1624 942 ipsum

298 964 433 1006 putare
465 971 528 995 me
559 964 766 995 attractum
799 956 857 1004 iri,
887 956 918 994 si
947 958 997 994 de
1029 970 1126 1006 pace
1156 965 1301 1007 agatur,
1334 957 1431 995 mihi
1462 958 1625 996 omnino

297 1037 376 1062 non
397 1024 503 1062 venit
530 1023 570 1061 in
598 1032 772 1062 mentem
801 1037 902 1073 quae
932 1023 1055 1072 possit
1081 1023 1185 1061 actio
1212 1036 1297 1060 esse
1323 1024 1373 1061 de
1403 1037 1513 1073 pace,
1534 1037 1625 1061 cum

297 1088 349 1127 illi
370 1089 630 1127 certissimum
652 1089 711 1135 sit,
736 1088 766 1127 si
787 1088 924 1138 possit,
938 1088 1153 1138 exspoliare
1174 1087 1345 1126 exercitu
1366 1096 1404 1126 et
1425 1088 1625 1138 provincia

298 1154 555 1204 Pompeium;
585 1153 659 1191 nisi
686 1155 785 1191 forte
812 1153 883 1191 iste
912 1152 1154 1190 nummarius
1175 1152 1209 1190 ei
1231 1160 1361 1202 potest
1390 1154 1625 1202 persuadere
1646 1167 1682 1197 15

297 1227 349 1265 ut,
372 1220 468 1257 dum
490 1227 662 1257 oratores
687 1226 777 1256 eant
805 1219 976 1263 redeant,
1001 1217 1186 1266 quiescat.
1248 1217 1357 1254 Nihil
1378 1217 1495 1255 video
1516 1220 1624 1267 quod

295 1297 448 1334 sperem
465 1292 530 1321 aut
547 1285 655 1333 quod
676 1283 754 1321 iam
775 1292 911 1333 putem
927 1282 1009 1320 fieri
1030 1296 1155 1331 posse.
1200 1283 1278 1320 Sed
1301 1290 1432 1320 tamen
1454 1283 1626 1322 hominis

296 1350 371 1386 hoc
398 1348 526 1397 ipsum
552 1348 665 1397 probi
692 1355 750 1386 est
772 1352 793 1387 †
808 1360 993 1396 magnum
1016 1346 1088 1386 sitl‘
1108 1350 1180 1384 τῶν
1198 1349 1496 1386 πολιτικωτάτων
1516 1366 1627 1398 σκεμ-

294 1415 429 1463 μάτων,
449 1412 744 1451 veniendumne
765 1412 812 1450 sit
840 1412 879 1449 in
907 1411 1115 1449 consilium
1146 1411 1297 1449 tvranni
1320 1411 1351 1449 si
1372 1412 1403 1449 is
1423 1412 1555 1462 aliqua
1574 1414 1625 1452 de

295 1493 334 1517 re
355 1479 460 1518 bona
481 1477 765 1516 deliberaturus
786 1476 845 1514 sit.
892 1478 982 1525 Qua
998 1490 1038 1514 re
1055 1476 1086 1513 si
1104 1476 1200 1526 quid
1217 1476 1300 1515 eius
1322 1476 1431 1515 modi
1453 1478 1624 1516 evenerit
1646 1492 1684 1519 20

297 1553 336 1582 ut
356 1556 597 1582 arcessamur
611 1543 736 1592 (quod
757 1541 942 1590 equidem
964 1555 1044 1579 non
1065 1543 1194 1579 credo.
1242 1541 1350 1590 Quid
1371 1542 1476 1580 enim
1498 1556 1624 1581 essem

295 1611 344 1647 de
374 1622 471 1659 pace
500 1607 705 1646 dicturus?
738 1605 828 1652 dixi,
858 1606 941 1655 ipse
971 1607 1084 1644 valde
1115 1606 1366 1657 repudiavit),
1393 1607 1462 1645 sed
1492 1614 1624 1646 tamen

296 1674 325 1712 si
365 1674 461 1724 quid
498 1672 694 1719 acciderit,
736 1672 832 1721 quid
871 1684 1033 1709 censeas
1081 1671 1177 1709 mihi
1226 1671 1450 1710 faciendum
1489 1672 1625 1722 utique

296 1739 465 1777 scribito.
539 1737 648 1775 Nihil
687 1737 793 1775 enim
833 1735 929 1774 mihi
968 1737 1098 1774 adhuc
1138 1735 1281 1775 accidit
1320 1737 1428 1786 quod
1468 1737 1624 1776 maioris

295 1805 433 1844 consili
463 1812 574 1843 esset.
1645 1817 1658 1838 2
1667 1817 1683 1848 5

344 1922 356 1942 t
383 1912 437 1950 qui
468 1909 678 1951 ll'esenbetg;
711 1910 788 1941 ordo
816 1911 986 1942 ver'vrnm
1013 1916 1050 1942 ut
1073 1912 1106 1941 in
1135 1911 1172 1950 Q.
1204 1911 1258 1942 Fr.
1286 1910 1306 1942 i.
1336 1920 1362 1942 1.
1387 1921 1446 1950 17:
1479 1911 1559 1950 quid
1587 1909 1630 1940 Μ

295 1967 314 1993 4
340 1960 372 1985 et
389 1954 463 1985 add.
484 1954 504 1983 I
676 1965 694 1993 5
721 1955 839 1996 etiarn]
858 1956 990 1986 iamiam
1012 1956 1195 1985 Gronovius
1350 1956 1370 1984 6
1395 1960 1428 1985 et
1445 1954 1520 1985 add.
1542 1954 1627 1984 Boot

296 2009 313 2037 7
339 1999 418 2028 illim
446 1998 567 2029 Orelli:
602 1999 656 2029 filii
684 1998 726 2027 M
904 2000 924 2028 8
950 1999 1150 2038 praeripiam
1178 1998 1219 2028 ll!
1235 1998 1392 2028 Graevius
1407 1997 1566 2037 Sz‘lzmidt,
1587 1998 1625 2037 cf.

297 2043 339 2072 ix.
361 2053 406 2081 17.
430 2053 440 2072 1
458 2054 464 2072 t
491 2043 695 2082 praecipiam
714 2043 731 2072 I
747 2043 834 2083 vulg.
967 2053 1001 2073 11
1029 2043 1185 2073 alicunde
1205 2043 1265 2072 M:
1291 2043 1425 2072 aliunde
1443 2041 1463 2071 I
1587 2051 1624 2080 15

296 2086 499 2116 nummarius
524 2087 641 2123 Illam
639 2098 644 2104 ·
679 2087 764 2117 idem
794 2086 922 2117 videtur
946 2097 1011 2116 esse
1043 2090 1139 2125 alque
1166 2091 1300 2125 emptus
1327 2086 1523 2125 pacificator
1545 2088 1559 2122 8
1583 2096 1624 2116 2:

295 2132 450 2160 summari
456 2141 493 2161 υς
508 2130 547 2160 M
562 2131 652 2170 quod
665 2142 684 2161 z
686 2142 726 2161 oc.
738 2142 764 2161 sz
783 2129 1224 2170 relzunturmlevssretandttm
1242 2133 1301 2159 (ml
1314 2131 1321 2146 ‘
1334 2130 1467 2169 infemor
1475 2128 1624 2159 Manus’

296 2174 374 2213 (cs‘
385 2173 574 2204 Subballi'o
592 2174 702 2204 Plaut.
720 2174 836 2205 Pseud.
854 2177 934 2212 607i
952 2178 1011 2204 aul
1028 2178 1065 2204 ut
1080 2175 1273 2213 altafotma
1289 2174 1398 2204 vctbi‘
1410 2172 1624 2213 satrmamus'

296 2218 507 2256 1.q.‘equus
524 2218 727 2248 cll'tellamns’
746 2218 835 2256 qnod
849 2219 918 2248 vult
934 2217 1087 2248 Schmidt
1322 2219 1360 2247 16
1385 2222 1462 2248 eant
1484 2218 1625 2247 redeant

297 2261 499 2292 Βινοαίᾱιις.
538 2266 675 2292 cantent
714 2263 846 2291 rideant
880 2262 937 2291 M:
977 2266 1053 2291 eant
1089 2266 1123 2291 et
1157 2261 1297 2291 redeant
1329 2265 1342 2290 b
1344 2260 1406 2291 ‘'ict.
1585 2262 1624 2290 18

297 2315 453 2344 magnum
480 2304 539 2343 sit]
564 2310 598 2335 et
624 2315 781 2342 magnum
807 2317 835 2334 τι
860 2305 1068 2343 chsenbagr:
1105 2309 1140 2334 ut
1163 2315 1231 2334 non
1256 2315 1412 2342 magnum
1436 2304 1479 2334 sit
1507 2303 1628 2343 Tyrrt’ll

297 2359 333 2378 21
362 2349 463 2378 credo
481 2349 557 2377 coni.
580 2349 685 2378 Boot:
709 2359 789 2378 curo
806 2348 890 2379 codd.
910 2360 916 2378 :
942 2353 1021 2387 puto
1039 2348 1127 2377 Koelz
1229 2347 1318 2386 Quid
1337 2370 1343 2378 .
1364 2371 1370 2378 .
1389 2371 1395 2378 .
1418 2347 1622 2387 repudiavit]

297 2395 340 2421 ita
353 2393 553 2431 interpunxit
566 2391 736 2421 Schmidt:
762 2391 851 2430 Quid
869 2415 876 2422 .
896 2415 903 2422 .
925 2415 930 2421 .
950 2392 1111 2430 dicturus,
1127 2392 1196 2422 dixi
1212 2401 1220 2430 ς
1238 2392 1312 2430 ipse
1324 2390 1421 2421 valde
1434 2391 1626 2430 repudiavit

297 2436 385 2476 vulg.
406 2446 413 2474 ;
436 2435 493 2465 sed
505 2438 658 2475 exspectes
674 2435 785 2475 quod:
811 2435 895 2474 sort.
916 2434 1085 2474 Quicquid
