1827 2798
245 144 292 181 X.
317 142 394 180 xiv
649 143 704 180 M.
737 142 904 178 TVLLI
936 139 1242 179 CICERONIS

344 253 383 291 in
418 260 630 303 posterum,
665 253 734 290 sed
769 252 901 289 tardus
935 251 985 289 ad
1017 251 1242 288 exeundum
1278 251 1424 289 ‘multo
1455 263 1497 289 se
1528 248 1568 288 in
1600 260 1672 288 suo

344 320 488 356 lectulo
523 318 649 362 malle,
681 315 870 365 quicquid
903 316 1025 353 foret.'
1096 315 1269 354 Odiosus
1304 317 1508 365 scrupulus
1539 316 1589 353 de
1619 314 1671 352 fili

344 382 480 420 militia
520 381 767 419 Brundisina.
840 382 974 417 Vnum
1009 379 1105 418 illud
1144 380 1364 418 firmissime
1402 380 1670 426 adseverabat,

344 447 374 484 si
396 446 571 484 damnati
593 445 895 492 restituerentur,
919 445 959 482 in
980 445 1158 483 exsilium
1180 459 1220 484 se
1241 445 1396 483 iturum.
1438 447 1524 484 Nos
1541 453 1672 483 autem

343 513 394 550 ad
422 513 518 549 haec
549 515 607 550 ‘et
636 513 679 549 id
705 511 833 560 ipsum
863 518 970 548 certo
1001 512 1082 548 fore
1113 518 1151 549 et
1183 524 1283 560 quae
1315 510 1392 548 iam
1424 512 1560 549 fierent
1592 523 1672 547 non
1695 520 1711 551 5

343 591 428 615 esse
473 576 641 624 leviora‚'
687 578 888 625 multaque
931 575 1237 625 conligebamus.
1314 578 1462 614 Verum
1508 589 1554 613 ea
1592 588 1673 613 non

343 642 521 680 animum
543 641 625 680 eius
645 642 842 691 augebant
864 642 933 678 sed
954 640 1146 687 timorem,
1169 648 1212 678 ut
1237 639 1312 678 iam
1335 641 1524 678 celandus
1551 639 1673 688 magis

344 709 395 746 de
415 715 549 745 nostro
577 706 741 744 consilio
769 719 887 755 quam
914 707 965 744 ad
992 705 1032 743 id
1057 707 1291 743 adhibendus
1317 705 1522 743 videretur.
1584 706 1675 752 Qua

344 786 383 811 re
404 772 443 809 in
469 773 544 810 hoc
569 785 650 809 non
678 773 845 809 multum
873 778 941 809 est.
1001 772 1086 808 Nos
1115 784 1138 808 a
1167 778 1204 809 te
1233 769 1426 809 admoniti
1456 771 1506 809 de
1537 769 1675 809 Caelio

344 837 616 888 cogitabimus.
1697 840 1736 864 10

387 999 473 1034 XV
641 1002 708 1034 Scr.
731 1003 764 1033 in
784 1002 935 1033 Cumano
953 1003 984 1033 iv
1000 1002 1048 1033 Id.
1069 1002 1150 1033 Mai.
1170 1013 1199 1033 α.
1221 1012 1275 1042 705
1294 1002 1379 1043 (49).

759 1097 931 1129 CICERO
953 1097 986 1127 A
997 1095 1135 1128 TTICO
1158 1096 1266 1128 SAL.

307 1186 324 1213 1
399 1174 554 1214 Servius
587 1189 678 1214 cum
712 1182 814 1214 esset
847 1176 953 1225 apud
984 1188 1057 1221 me,
1091 1174 1283 1224 Cephalio
1314 1188 1403 1213 cum
1434 1173 1509 1212 tuis
1539 1172 1675 1212 litteris

345 1253 384 1279 VI
419 1242 514 1279 Idus
544 1241 673 1285 venit;
703 1254 804 1290 quae
834 1240 948 1278 nobis
978 1253 1161 1289 magnam
1192 1253 1302 1288 spem
1329 1241 1542 1277 attulerunt
1570 1238 1676 1276 meli-

344 1320 456 1344 orum
478 1319 605 1344 rerum
627 1307 677 1343 de
698 1313 789 1343 octo
809 1305 1048 1343 cohortibus.
1108 1305 1267 1342 Etenim
1293 1318 1361 1343 eae
1387 1318 1546 1354 quoque
1574 1317 1674 1353 quae
1698 1316 1736 1347 15

344 1371 383 1409 in
405 1371 464 1409 his
486 1371 580 1409 locis
609 1378 698 1408 sunt
725 1371 855 1408 labare
883 1370 1075 1408 dicuntur.
1137 1371 1291 1408 Eodem
1319 1369 1383 1408 die
1412 1369 1675 1407 Funisulanus

343 1450 366 1474 a
393 1444 430 1475 te
459 1436 587 1474 attulit
615 1435 759 1473 litteras
787 1435 826 1472 in
854 1434 997 1484 quibus
1027 1443 1108 1473 erat
1135 1435 1402 1473 confirmatius
1431 1434 1537 1472 idem
1564 1433 1672 1471 illud.

346 1501 393 1538 Ei
414 1502 464 1539 de
485 1514 557 1539 suo
578 1500 736 1549 negotio
758 1500 944 1550 respondi
971 1502 1169 1538 cumulate
1197 1514 1287 1538 cum
1316 1500 1424 1538 omni
1452 1508 1518 1537 tua
1541 1498 1672 1548 gratia.

344 1567 489 1604 Adhuc
516 1580 596 1604 non
624 1566 715 1603 satis
743 1565 935 1613 faciebat3
964 1567 1084 1604 debet
1110 1574 1241 1604 autem
1271 1565 1367 1603 mihi
1394 1566 1538 1602 multos
1566 1577 1675 1601 num-

345 1644 430 1669 mos
465 1644 538 1669 nec
572 1631 738 1668 habetur
771 1632 957 1680 locuples.
1028 1632 1147 1669 Nunc
1185 1631 1238 1668 ait
1278 1644 1318 1669 se
1357 1631 1565 1676 daturum3
1612 1628 1675 1666 cui
1697 1641 1737 1662 20

344 1709 559 1745 expensum
584 1695 713 1734 tulerit
735 1695 900 1742 morarij
930 1696 1182 1736 †tabellarius
1211 1695 1241 1733 si
1268 1696 1375 1745 apud
1399 1703 1436 1733 te
1466 1708 1551 1733 esse
1578 1708 1675 1744 quas

345 1760 436 1798 satis
471 1760 653 1800 fecissesl·
698 1762 820 1798 dares.
895 1762 1099 1809 Quantum
1139 1760 1187 1798 sit
1227 1763 1326 1798 Eros
1366 1759 1566 1798 Philotimi
1605 1759 1673 1796 tibi

345 1824 460 1863 dicet.
521 1826 598 1863 Sed
619 1826 669 1862 ad
692 1824 838 1863 maiora
859 1827 1075 1863 redeamus.

301 1897 326 1924 2
401 1890 521 1938 Quod
560 1897 683 1939 optaS‚
721 1890 952 1928 Caelianum
992 1890 1088 1928 illud
1128 1889 1363 1928 maturescit.
1423 1891 1563 1938 Itaque
1603 1896 1675 1926 tor-

344 1968 467 2004 queor
496 1962 625 1992 utrum
656 1962 816 1992 ventum
848 1963 1081 2004 exspectem.
1142 1955 1296 1993 Vexillo
1326 1968 1424 2004 opus
1459 1962 1541 2001 est;
1584 1967 1675 1991 con-
1695 1965 1733 1996 25

342 2020 541 2057 volabunt.
603 2020 724 2067 Quod
747 2021 887 2058 suades
910 2027 951 2057 ut
973 2021 1111 2069 palam,
1136 2033 1292 2069 prorsus
1317 2019 1516 2057 adsentior
1543 2018 1675 2068 itaque

344 2097 407 2122 nie
428 2086 693 2134 profecturum
716 2092 823 2134 puto.
861 2086 968 2122 Tuas
986 2092 1117 2122 tamen
1139 2084 1293 2122 interim
1315 2083 1460 2122 litteras
1477 2091 1672 2134 exspecto.

390 2200 403 2220 1
428 2194 501 2228 post
517 2190 632 2220 tardus
650 2189 724 2219 add.
747 2194 797 2219 est
815 2188 932 2220 Lamb.
1041 2189 1074 2218 in
1092 2199 1153 2219 suo
1171 2188 1307 2223 lectulo,
1327 2189 1363 2227 cf
1383 2189 1413 2219 8.
1432 2198 1448 2226 7
1596 2198 1614 2227 5
1641 2188 1673 2218 id

343 2233 418 2263 add.
435 2232 550 2262 Lqmb.
644 2233 765 2262 fierent
789 2233 978 2272 ll⁷esc11be1g
993 2243 999 2262 :
1026 2233 1148 2262 fiebant
1165 2231 1254 2263 codd.
1272 2244 1279 2262 z
1304 2232 1386 2261 fian
1404 2231 1534 2261 Ernesti
1657 2242 1673 2269 7

343 2277 488 2314 angebat
510 2276 584 2305 WR
695 2277 714 2305 8
738 2277 779 2306 ad
799 2277 830 2306 id
848 2276 1061 2306 adhibendus
1079 2275 1238 2315 Madvig:
1273 2276 1314 2305 ad
1333 2276 1421 2305 idern
1439 2274 1525 2305 codd.
1542 2286 1548 2304 :
1581 2275 1675 2304 adhi-

344 2320 473 2349 bendus
495 2320 655 2349 l'⁷7‘st'¹11{s:
688 2321 921 2349 adhortandus
937 2321 977 2349 ad
997 2321 1083 2349 idem
1107 2319 1296 2359 [Vesrnberg
1488 2328 1525 2348 10
1551 2318 1673 2355 cogita-

344 2363 460 2392 bamus
478 2362 540 2392 Wl
626 2373 663 2392 :21
691 2364 872 2393 tabellariis
891 2364 949 2401 (ita
967 2363 1078 2404 Man.)
1097 2364 1123 2393 si
1140 2363 1229 2402 apud
1248 2367 1279 2392 te
1297 2366 1388 2392 esset
1405 2372 1470 2401 qua
1490 2362 1546 2402 <ita
1559 2360 1671 2402 Mau.)

345 2407 426 2437 satis
444 2406 577 2436 fecisset
596 2406 652 2446 (ila
670 2407 767 2447 Ptus)
787 2408 883 2437 dares
902 2407 988 2447 vulg.
