1827 2798
581 173 692 210 EPP.
725 173 803 210 AD
834 171 1092 210 ATTICVM
1440 167 1510 204 XI.
1533 165 1580 202 iii

173 283 278 322 enim
313 285 389 322 hoc
423 285 531 334 quod
565 283 691 334 agitur
720 283 872 322 videtur
906 283 1133 321 diuturnum
1167 294 1252 320 esse
1290 292 1416 330 posse,
1453 286 1494 315 ut

173 349 270 387 scire
299 349 375 386 iam
408 349 555 399 possim
586 348 682 398 quid
712 348 879 386 maxime
911 361 1009 398 opus
1039 347 1112 394 sit3
1154 346 1225 385 etsi
1254 359 1351 395 egeo
1380 344 1495 382 rebus

173 413 371 461 omnibus,
391 415 499 463 quod
528 413 559 451 is
589 427 748 462 quoque
776 413 816 450 in
845 412 1031 462 angustiis
1060 420 1118 450 est
1148 411 1307 461 quicum
1338 422 1497 454 sumus;

172 477 234 515 cui
267 492 447 528 magnam
483 478 665 516 dedimus
699 477 906 528 pecuniam
939 485 1114 514 mutuam
1146 476 1352 526 opinantes
1381 473 1495 512 nobis

133 553 151 584 5
173 543 394 581 constitutis
416 544 530 581 rebus
555 557 641 581 earn
671 557 752 581 rem
780 543 897 581 etiam
925 541 1064 579 honori
1085 543 1177 579 fore.
1236 542 1299 577 Tu
1320 548 1362 577 ut
1381 546 1496 576 antea

172 608 308 655 fecisti,
331 608 446 646 velim
475 608 505 646 si
526 608 593 658 qui
614 615 726 646 erunt
751 609 802 645 ad
823 620 921 656 quos
941 606 1090 656 aliquid
1111 605 1364 644 scribendum
1384 617 1407 641 a
1433 617 1495 641 me

173 673 368 712 existimes
390 673 472 722 ipse
488 673 685 711 conficias.
744 672 840 710 Tuis
862 674 1026 709 salutem
1043 670 1117 709 dic.
1178 671 1282 709 Cura
1297 677 1339 707 ut
1354 670 1493 707 valeas.

175 739 221 775 In
243 737 375 787 primis
397 738 436 776 id
459 739 566 787 quod
596 737 732 775 scribis
752 736 936 775 omnibus
957 737 1072 774 rebus
1094 749 1185 774 cura
1206 743 1243 773 et
1264 734 1425 785 provide
1446 747 1495 772 ne

172 802 268 852 quid
300 802 333 840 ei
370 802 470 840 desit
504 804 553 841 de
584 816 662 852 qua
700 802 774 840 scis
813 815 875 840 me
908 800 1165 839 miserrimum
1201 813 1297 838 esse.
1357 798 1495 838 Idibus

114 878 153 900 10
175 867 297 905 Iuniis
319 881 364 906 ex
385 867 529 906 castris.

215 996 281 1031 IV
423 999 492 1031 Scr.
512 999 545 1030 in
563 1000 674 1030 castn's
689 998 828 1039 Pompei
840 998 888 1029 Id.
910 998 1022 1037 Quint.
1039 1009 1069 1028 a.
1091 1000 1150 1037 706
1168 997 1253 1038 (48).

590 1075 764 1106 CICERO
788 1074 959 1105 ATTICO
985 1074 1080 1105 SAL.

225 1156 375 1205 Accepi
407 1156 458 1194 ab
491 1155 645 1194 Isidoro
683 1154 828 1192 litteras
862 1162 899 1192 et
930 1162 1066 1203 postea
1099 1154 1208 1191 datas
1241 1152 1363 1190 binas.
1437 1154 1495 1190 Ex
1515 1163 1531 1189 1

172 1221 357 1270 proximis
397 1220 563 1270 cognovi
595 1220 754 1269 praedia
792 1233 872 1257 non
904 1219 1066 1256 venisse.
1138 1218 1304 1256 Videbis
1335 1231 1425 1268 ergo
1455 1226 1495 1255 ut

114 1301 151 1332 15
173 1294 411 1324 sustentetur
440 1299 508 1334 per
537 1293 586 1323 te.
646 1286 708 1322 De
729 1283 934 1329 Frusinati,
957 1283 988 1321 si
1018 1284 1139 1321 modo
1169 1282 1319 1320 fruituri
1349 1296 1495 1329 sumuS,

172 1351 242 1388 erit
272 1350 368 1388 mihi
397 1364 456 1388 res
487 1357 718 1399 opportuna.
779 1350 891 1386 Meas
921 1348 1065 1385 litteras
1097 1349 1204 1397 quod
1234 1347 1406 1396 requiris,
1430 1347 1497 1384 im-

171 1415 309 1465 pedior
329 1415 461 1464 inopia
482 1428 608 1452 rerum
626 1427 722 1464 quas
743 1415 868 1451 nullas
885 1413 1013 1450 habeo
1030 1412 1164 1450 litteris
1186 1412 1334 1461 dignas,
1350 1412 1496 1461 quippe

172 1480 233 1518 cui
268 1494 341 1518 nec
373 1493 473 1529 quae
506 1478 691 1517 accidunt
723 1492 796 1516 nec
826 1491 926 1527 quae
953 1484 1120 1526 aguntur
1151 1478 1231 1514 ullo
1263 1477 1383 1514 modo
1413 1489 1498 1526 pro-

173 1545 323 1582 bentur.
383 1544 544 1581 Vtinam
578 1556 709 1581 coram
737 1550 866 1580 tecum
891 1541 984 1579 olim
1012 1540 1141 1590 potius
1173 1554 1290 1590 quarn
1322 1553 1391 1589 per
1421 1540 1496 1589 epi-

114 1626 153 1646 20
173 1610 292 1647 stulas
310 1612 316 1646 l
376 1609 456 1646 Hic
478 1616 554 1654 tua,
571 1616 612 1646 ut
633 1621 805 1657 possum,
821 1614 931 1644 tueor
950 1607 1055 1656 apud
1078 1607 1160 1643 hos.
1213 1606 1353 1644 Cetera
1370 1606 1494 1644 Celer.

174 1675 264 1722 Ipse
286 1673 365 1723 fugi
385 1674 515 1711 adhuc
530 1686 648 1710 ornne
665 1686 808 1710 munus
825 1685 872 1709 eo
888 1671 1010 1720 magis
1030 1671 1139 1721 quod
1156 1670 1208 1708 ita
1229 1670 1325 1708 nihil
1346 1678 1497 1720 poterat

170 1737 231 1787 agi
252 1745 293 1776 ut
315 1737 410 1775 mihi
431 1745 468 1775 et
489 1737 586 1775 meis
607 1738 723 1775 rebus
743 1744 878 1786 aptum
899 1743 1011 1774 esset.

214 1885 279 1920 IV
295 1896 320 1919 a
363 1886 432 1918 Ser.
453 1887 639 1927 Dyrrhachi
653 1888 737 1918 inter
749 1888 809 1919 xvi
820 1892 849 1918 et
865 1887 914 1918 xii
927 1887 970 1919 K.
989 1887 1102 1927 Quint.
1123 1899 1154 1919 a.
1175 1889 1233 1926 706
1251 1888 1338 1929 (48).

584 1963 755 1994 CICERO
777 1963 957 1994 ATTICO
980 1963 1087 1995 SAL.

114 2055 151 2086 ²5
229 2035 337 2083 Quid
358 2034 406 2073 sit
429 2042 582 2084 gestum
607 2035 699 2073 novi
720 2035 883 2084 quaeris.
945 2036 1004 2072 Ex
1032 2035 1185 2073 Isidoro
1216 2034 1313 2073 scire
1338 2036 1494 2084 poteris.
1516 2035 1574 2087 (2)

174 2099 344 2149 Reliqua
367 2112 448 2136 non
474 2098 655 2137 videntur
684 2112 769 2137 esse
798 2098 1024 2137 difficiliora.
1084 2101 1145 2137 Tu
1178 2099 1217 2137 id
1246 2099 1361 2137 velini
1389 2101 1497 2149 quod

215 2213 233 2240 3
259 2212 373 2232 sumus
392 2202 495 2241 vulga
532 2202 676 2232 suismus
694 2202 752 2231 M:
779 2201 900 2231 suimus
917 2200 957 2230 Zl
1091 2212 1128 2241 15
1153 2203 1283 2233 fruituri
1302 2202 1495 2235 Lehmann:

172 2246 284 2276 future
303 2245 361 2275 M:
389 2245 488 2275 futuri
505 2245 593 2285 vulg.
723 2256 765 2275 20
789 2245 855 2274 Hic
881 2245 953 2285 tua]
980 2245 1055 2275 hinc
1080 2256 1179 2284 nsque
1206 2246 1252 2276 ad
1277 2248 1304 2276 6.
1326 2257 1344 2275 2
1365 2247 1496 2282 (adimir

172 2292 275 2319 aesta!
296 2288 341 2318 W
511 2298 552 2326 23
577 2299 635 2317 cur
648 2288 723 2318 llaec
736 2289 871 2328 epistula
888 2289 927 2317 ab
944 2299 963 2326 4
980 2288 1162 2327 separanda
1179 2290 1220 2319 sit
1236 2294 1378 2320 accurate
1394 2289 1499 2319 docui!

171 2332 355 2371 Sternkopf
375 2330 481 2370 (‘Zur
514 2331 725 2371 Clzronologie
753 2331 810 2361 der
831 2331 937 2370 Briese
969 2331 1088 2361 Ciceros
1119 2343 1181 2362 aas
1211 2333 1270 2362 den
1295 2333 1423 2370 Jaltren
1455 2335 1497 2371 48

173 2375 245 2404 und
259 2375 319 2414 47‘
341 2380 399 2416 pp.
423 2375 552 2412 11-14).
603 2373 853 2414 Diiungendam
877 2385 941 2405 esse
963 2375 1003 2405 ab
1027 2375 1185 2416 superiore
1208 2376 1275 2406 iam
1295 2381 1498 2417 perspexerat

172 2418 266 2450 Man.
401 2419 443 2448 26
466 2418 564 2448 velim
587 2417 647 2448 W:
671 2418 753 2449 velis
769 2417 808 2447 M
