1827 2798
98 873 137 894 10

97 1584 136 1605 20

543 164 656 202 EPP.
688 165 765 202 AD
796 164 1055 204 ATTICVM
1450 167 1530 203 X.i

209 273 380 321 Trebati,
412 273 506 313 boni
532 274 601 312 viri
628 282 666 313 et
696 275 802 323 civis,
823 275 950 314 verbis
979 283 1017 314 te
1043 277 1198 326 gaudeo
1228 277 1477 322 delectatum,

155 346 301 388 tuaque
330 339 403 376 ista
432 340 566 377 crebra
594 341 801 390 ἐκφώνησις
821 342 997 391 (ὑπέρευ’
1019 355 1081 380 me
1110 343 1193 380 sola
1218 343 1350 380 adhuc
1379 343 1481 380 dele-

155 403 283 441 ctavit.
342 403 509 442 Litteras
539 412 624 443 tuas
651 407 904 444 vehementer
937 414 1146 456 exspect03
1186 420 1282 456 quas
1318 406 1478 456 quidem

155 469 274 507 credo
303 468 379 506 iam
410 470 520 507 datas
550 482 644 508 esse.
704 472 766 508 Tu
797 484 886 509 cum
916 473 1033 509 Sexto
1063 471 1222 509 servasti
1251 471 1478 520 gravitatem
1497 481 1522 518 4

155 535 323 572 eandem
353 547 471 583 quam
504 534 599 572 mihi
631 535 832 585 praecipis.
893 538 1007 575 Celer
1037 543 1125 574 tuus
1156 536 1322 575 disertus
1358 536 1480 586 magis

155 605 213 636 est
247 611 366 648 quarn
397 598 563 648 sapiens.
625 602 686 638 De
721 600 927 639 iuvenibus
962 614 1063 650 quae
1097 615 1143 639 ex
1174 601 1303 638 Tullia
1337 601 1480 639 audisti

155 676 244 701 vera
265 671 365 701 sunt.
427 664 659 702 Mucianum
688 665 792 703 istud
814 667 921 715 quod
949 665 1085 704 scribis
1109 679 1190 703 non
1212 665 1307 703 mihi
1328 666 1481 704 videtur

155 736 234 765 tam
256 742 296 766 re
316 742 401 766 esse
422 729 528 767 triste
549 743 667 779 quarn
689 731 819 769 verbo.
881 733 994 769 Haec
1021 739 1079 769 est
1104 733 1178 780 ἅλη
1204 730 1242 768 in
1271 744 1348 780 qua
1375 745 1480 769 nunc

157 806 291 830 sumus
324 793 457 831 mortis
490 793 619 832 instar.
678 797 759 832 Aut
793 795 897 833 enim
938 795 1034 833 mihi
1068 796 1188 834 libere
1223 795 1322 834 inter
1357 798 1479 834 malos

156 860 391 896 πολιτευτέον
424 858 495 896 fuit
533 867 599 896 aut
630 861 690 897 vel
725 859 943 909 periculose
975 873 1063 897 cum
1100 860 1225 898 bonis.
1296 862 1377 898 Aut
1408 874 1479 899 nos

157 922 414 961 temeritatem
436 924 631 961 bonorum
659 937 869 973 sequamur
889 932 955 961 aut
975 924 1182 962 audaciam
1209 924 1478 974 improborum

154 988 402 1026 insectemur.
447 990 667 1037 Vtrumque
688 988 951 1038 periculosum
969 996 1037 1036 est,
1052 997 1091 1027 at
1112 991 1188 1028 hoc
1205 991 1313 1039 quod
1328 990 1479 1039 agimus

154 1060 265 1102 turpe
285 1066 358 1090 nec
379 1060 510 1090 tamen
531 1060 670 1090 tutum.

210 1130 333 1166 Istum
352 1128 417 1177 qui
439 1127 560 1165 filium
584 1128 836 1167 Brundisium
859 1130 908 1167 de
929 1143 1026 1179 pace
1047 1129 1151 1167 misit
1170 1130 1235 1180 (de
1256 1143 1352 1180 pace
1373 1130 1478 1168 idem

118 1206 134 1236 5
155 1192 281 1231 sentio
315 1193 423 1242 quod
455 1200 507 1239 tu,
537 1192 827 1232 simulationem
860 1207 944 1232 esse
978 1203 1167 1243 apertam,
1194 1195 1317 1244 parari
1347 1203 1478 1233 autem

153 1257 339 1295 acerrime
361 1256 536 1307 bellum),
560 1271 623 1296 me
643 1260 813 1308 legatum
835 1258 878 1296 iri
901 1273 981 1297 non
1002 1259 1176 1306 arbitror,
1200 1260 1311 1298 cuius
1335 1262 1477 1306 adhuc,

154 1331 195 1360 ut
216 1322 358 1371 optavi,
383 1322 530 1361 mentio
551 1323 653 1360 facta
672 1325 779 1361 nulla
800 1323 858 1361 sit.
920 1326 980 1362 Eo
1005 1324 1135 1362 minus
1162 1325 1291 1363 habeo
1318 1338 1479 1363 necesse

154 1386 322 1425 scribere
341 1394 407 1425 aut
428 1386 545 1424 etiam
567 1387 736 1437 cogitare
757 1387 853 1438 quid
874 1387 947 1426 sim
975 1390 1159 1437 facturus,
1181 1389 1211 1427 si
1231 1389 1418 1428 acciderit
1438 1398 1479 1428 ut

153 1454 267 1502 leger.

197 1569 246 1604 ῙῙ
306 1572 376 1604 Ser.
395 1573 428 1603 in
445 1572 582 1603 Arcano
600 1572 843 1612 Qm'nlt'fi‘atris
854 1577 956 1614 poslr.
978 1573 1062 1605 Non.
1083 1574 1166 1615 Apr.
1188 1585 1217 1606 a.
1241 1584 1294 1614 705
1314 1575 1400 1616 (49).

567 1666 738 1697 CICERO
759 1668 792 1697 A
804 1667 942 1698 TTJCO
965 1667 1070 1699 SAL.

208 1740 294 1788 Ego
323 1752 413 1777 curn
443 1738 683 1787 accepissem
712 1746 797 1776 tuas
827 1739 972 1777 litteras
1000 1739 1128 1778 Nonis
1155 1739 1356 1790 Aprilibus
1383 1754 1479 1791 quas
1499 1753 1516 1780 1

154 1803 346 1853 Cephalio
366 1805 559 1850 attulerat,
581 1817 787 1853 essemque
810 1804 1032 1843 Menturnis
1059 1805 1247 1854 postridie
1274 1819 1479 1844 mansurus

154 1877 191 1906 et
212 1868 304 1906 inde
325 1868 512 1917 protinuS,
536 1867 703 1906 sustinui
729 1882 792 1907 me
814 1868 853 1906 in
874 1871 1032 1907 Arcano
1059 1869 1197 1914 fratris,
1217 1878 1272 1917 ut,
1293 1872 1388 1908 dum
1415 1872 1480 1909 ali-

118 1949 133 1979 ξ,
154 1933 250 1983 quid
277 1932 418 1971 certius
447 1933 670 1979 adferretur‚
693 1933 906 1972 occultiore
933 1933 972 1971 in
1002 1935 1090 1972 loco
1120 1947 1294 1973 essemus
1324 1949 1479 1985 ageren-

154 2005 293 2047 turque
314 1997 437 2036 nihilo
458 1998 587 2036 minus
608 2011 708 2047 quae
729 1998 812 2036 sine
833 1998 947 2037 nobis
968 1999 1029 2049 agi
1050 2007 1224 2048 possunt.

206 2066 436 2114 Λαλαγεῦσα
466 2062 542 2100 iarn
575 2064 687 2101 adest
718 2071 755 2101 et
787 2063 941 2101 animus
975 2065 1095 2110 ardet,
1128 2078 1257 2114 neque
1287 2073 1345 2103 est
1375 2065 1480 2115 quic-

198 2176 215 2205 7
242 2165 434 2196 Mucianum
452 2165 536 2196 Resd
549 2166 614 2197 coll.
636 2167 678 2198 ix.
700 2178 747 2198 12.
769 2178 781 2197 1
799 2179 804 2197 ε
834 2167 968 2197 Maeoni
985 2167 1073 2198 codd.
1090 2179 1096 2199 :
1127 2168 1314 2198 Matianum
1331 2168 1483 2200 Schmidt

158 2220 195 2239 ιο
219 2209 304 2250 Aut]
323 2214 358 2239 ut
375 2214 432 2240 aut
452 2212 540 2249 (cum
558 2219 777 2248 sequeremur
793 2214 822 2240 et
838 2211 1098 2251 insectaremur)
1117 2211 1268 2241 Sclmn'dt
1442 2223 1478 2251 13

152 2259 251 2292 turpe
268 2253 397 2285 Baiter:
425 2263 488 2283 nec
505 2259 602 2292 turpe
621 2253 681 2284 ill:
705 2258 738 2283 et
757 2259 854 2292 turpe
872 2253 966 2287 Man,
1113 2257 1152 2284 16
1176 2255 1339 2286 acerrime
1355 2256 1479 2286 bellum

154 2296 299 2327 CORP:
333 2296 408 2327 bell.
439 2307 486 2327 ac.
518 2301 546 2326 Δ
562 2296 630 2326 edd.
740 2307 792 2326 me
819 2298 966 2335 legatum
997 2298 1179 2336 (elegatum
1209 2300 1261 2328 Mi
1290 2300 1330 2329 iri
1348 2310 1414 2330 non
1442 2299 1483 2330 M

151 2340 250 2371 Rom.
269 2351 278 2371 t
300 2340 446 2379 legatum
464 2340 514 2378 iri,
528 2350 596 2369 non
614 2350 666 2370 me
682 2339 869 2379 Wesenberg
960 2352 996 2379 19
1021 2341 1115 2379 leger
1134 2341 1300 2372 Corradus
1315 2354 1322 2373 ι
1347 2344 1480 2382 legerer

152 2382 191 2412 Μ
205 2383 288 2414 Ant.
305 2383 355 2413 F:
381 2384 514 2422 legarer
531 2383 631 2414 Rom.
743 2394 783 2422 24
809 2384 858 2424 et]
877 2389 912 2414 nt
935 2382 1123 2425 lVesenlzerg
1253 2387 1295 2416 26
1320 2386 1478 2428 possunt]

153 2436 220 2456 non
239 2431 382 2465 possunt
399 2427 478 2459 coni.
498 2426 584 2458 Reid
713 2437 752 2466 27
778 2427 844 2468 est]
853 2427 935 2466 sort.
950 2433 1026 2468 stat,
1046 2429 1082 2467 cf,
1102 2428 1146 2460 iii.
1171 2439 1220 2468 14.
1239 2439 1259 2459 2

195 2489 258 2511 cxc.
279 2489 326 2510 An
343 2490 418 2512 ATT.
1352 2486 1392 2516 22
