<?xml version="1.0" encoding="UTF-8"?>
<!DOCTYPE html PUBLIC "-//W3C//DTD XHTML 1.0 Transitional//EN"
    "http://www.w3.org/TR/xhtml1/DTD/xhtml1-transitional.dtd">
<html xmlns="http://www.w3.org/1999/xhtml" xml:lang="en" lang="en">
 <head>
  <title>
</title>
<meta http-equiv="Content-Type" content="text/html;charset=utf-8" />
  <meta name='ocr-system' content='tesseract 3.04.00' />
  <meta name='ocr-capabilities' content='ocr_page ocr_carea ocr_par ocr_line ocrx_word'/>
</head>
<body>
  <div class='ocr_page' id='page_1' title='image "./epistulaerecogno0202ciceuoft_0240.png"; bbox 0 0 1827 2798; ppageno 0'>
   <div class='ocr_carea' id='block_1_1' title="bbox 609 541 1368 698">
    <p class='ocr_par' dir='ltr' id='par_1_1' title="bbox 609 541 1368 698">
     <span class='ocr_line' id='line_1_1' title="bbox 609 541 1368 590; baseline 0 -12"><span class='ocrx_word' id='word_1_1' title='bbox 609 541 781 579; x_wconf 80' lang='lat' dir='ltr'>LIBER</span> <span class='ocrx_word' id='word_1_2' title='bbox 822 541 1069 590; x_wconf 82' lang='lat' dir='ltr'><strong>QVINTVS</strong></span> <span class='ocrx_word' id='word_1_3' title='bbox 1116 541 1368 580; x_wconf 86' lang='lat' dir='ltr'>DECIMVS</span> 
     </span>
     <span class='ocr_line' id='line_1_2' title="bbox 747 650 1238 698; baseline -0.004 0"><span class='ocrx_word' id='word_1_4' title='bbox 747 651 849 698; x_wconf 84' lang='lat' dir='ltr'>AD</span> <span class='ocrx_word' id='word_1_5' title='bbox 901 650 1238 698; x_wconf 83' lang='lat' dir='ltr'><strong>ATTICVM</strong></span> 
     </span>
    </p>
   </div>
   <div class='ocr_carea' id='block_1_2' title="bbox 370 768 1378 892">
    <p class='ocr_par' dir='ltr' id='par_1_2' title="bbox 370 768 1378 892">
     <span class='ocr_line' id='line_1_3' title="bbox 370 768 1378 812; baseline -0.003 -7"><span class='ocrx_word' id='word_1_6' title='bbox 370 768 396 804; x_wconf 84' lang='grc' dir='ltr'>Ῑ</span> <span class='ocrx_word' id='word_1_7' title='bbox 596 772 664 805; x_wconf 79' lang='lat' dir='ltr'>Ser.</span> <span class='ocrx_word' id='word_1_8' title='bbox 685 773 717 803; x_wconf 83' lang='lat' dir='ltr'>in</span> <span class='ocrx_word' id='word_1_9' title='bbox 735 773 916 803; x_wconf 74' lang='lat' dir='ltr'>Puteolano</span> <span class='ocrx_word' id='word_1_10' title='bbox 931 773 989 803; x_wconf 78' lang='lat' dir='ltr'>xvi</span> <span class='ocrx_word' id='word_1_11' title='bbox 1002 773 1044 803; x_wconf 87' lang='lat' dir='ltr'>K.</span> <span class='ocrx_word' id='word_1_12' title='bbox 1065 772 1142 803; x_wconf 83' lang='lat' dir='ltr'><em>Iun.</em></span> <span class='ocrx_word' id='word_1_13' title='bbox 1164 783 1193 803; x_wconf 81' lang='lat' dir='ltr'>a.</span> <span class='ocrx_word' id='word_1_14' title='bbox 1217 782 1274 811; x_wconf 88' lang='lat'>710</span> <span class='ocrx_word' id='word_1_15' title='bbox 1292 771 1378 812; x_wconf 82' lang='lat'><em>(44).</em></span> 
     </span>
     <span class='ocr_line' id='line_1_4' title="bbox 738 861 1244 892; baseline -0.002 0"><span class='ocrx_word' id='word_1_16' title='bbox 738 862 912 892; x_wconf 83' lang='lat' dir='ltr'><strong>CICERO</strong></span> <span class='ocrx_word' id='word_1_17' title='bbox 943 861 1113 892; x_wconf 87' lang='lat' dir='ltr'>ATTICO</span> <span class='ocrx_word' id='word_1_18' title='bbox 1147 861 1244 892; x_wconf 83' lang='lat' dir='ltr'>SAL.</span> 
     </span>
    </p>
   </div>
   <div class='ocr_carea' id='block_1_3' title="bbox 284 949 1717 2235">
    <p class='ocr_par' dir='ltr' id='par_1_3' title="bbox 291 949 1717 1586">
     <span class='ocr_line' id='line_1_5' title="bbox 291 949 1658 1000; baseline -0.001 -12"><span class='ocrx_word' id='word_1_19' title='bbox 291 962 308 988; x_wconf 92' lang='lat'>1</span> <span class='ocrx_word' id='word_1_20' title='bbox 383 951 419 989; x_wconf 89' lang='lat' dir='ltr'>O</span> <span class='ocrx_word' id='word_1_21' title='bbox 447 952 593 989; x_wconf 87' lang='lat' dir='ltr'>factum</span> <span class='ocrx_word' id='word_1_22' title='bbox 623 952 723 989; x_wconf 84' lang='lat' dir='ltr'>male</span> <span class='ocrx_word' id='word_1_23' title='bbox 750 953 800 990; x_wconf 91' lang='lat' dir='ltr'>de</span> <span class='ocrx_word' id='word_1_24' title='bbox 822 950 1038 989; x_wconf 77' lang='lat' dir='ltr'>Alexione!</span> <span class='ocrx_word' id='word_1_25' title='bbox 1080 949 1317 988; x_wconf 76' lang='lat' dir='ltr'>Incredibile</span> <span class='ocrx_word' id='word_1_26' title='bbox 1344 956 1402 988; x_wconf 86' lang='lat' dir='ltr'>est</span> <span class='ocrx_word' id='word_1_27' title='bbox 1423 957 1570 1000; x_wconf 84' lang='lat' dir='ltr'>quanta</span> <span class='ocrx_word' id='word_1_28' title='bbox 1594 963 1658 988; x_wconf 93' lang='lat' dir='ltr'>me</span> 
     </span>
     <span class='ocr_line' id='line_1_6' title="bbox 328 1014 1656 1064; baseline -0.001 -12"><span class='ocrx_word' id='word_1_29' title='bbox 328 1016 506 1053; x_wconf 86' lang='lat' dir='ltr'>molestia</span> <span class='ocrx_word' id='word_1_30' title='bbox 526 1016 724 1062; x_wconf 78' lang='lat' dir='ltr'>adfecerit,</span> <span class='ocrx_word' id='word_1_31' title='bbox 740 1029 813 1054; x_wconf 90' lang='lat' dir='ltr'>nec</span> <span class='ocrx_word' id='word_1_32' title='bbox 834 1029 897 1053; x_wconf 89' lang='lat' dir='ltr'>me</span> <span class='ocrx_word' id='word_1_33' title='bbox 917 1017 1075 1053; x_wconf 81' lang='lat' dir='ltr'>hercule</span> <span class='ocrx_word' id='word_1_34' title='bbox 1096 1029 1142 1053; x_wconf 85' lang='lat' dir='ltr'>ex</span> <span class='ocrx_word' id='word_1_35' title='bbox 1163 1028 1208 1053; x_wconf 86' lang='lat' dir='ltr'>ea</span> <span class='ocrx_word' id='word_1_36' title='bbox 1229 1022 1337 1064; x_wconf 88' lang='lat' dir='ltr'>parte</span> <span class='ocrx_word' id='word_1_37' title='bbox 1357 1014 1527 1052; x_wconf 83' lang='lat' dir='ltr'>maxime</span> <span class='ocrx_word' id='word_1_38' title='bbox 1547 1015 1656 1063; x_wconf 85' lang='lat' dir='ltr'>quod</span> 
     </span>
     <span class='ocr_line' id='line_1_7' title="bbox 326 1080 1691 1130; baseline -0.001 -13"><span class='ocrx_word' id='word_1_39' title='bbox 326 1081 501 1130; x_wconf 84' lang='lat' dir='ltr'>plerique</span> <span class='ocrx_word' id='word_1_40' title='bbox 533 1094 701 1127; x_wconf 89' lang='lat' dir='ltr'>mecum,</span> <span class='ocrx_word' id='word_1_41' title='bbox 731 1082 817 1118; x_wconf 84' lang='lat' dir='ltr'>‘Ad</span> <span class='ocrx_word' id='word_1_42' title='bbox 845 1094 962 1130; x_wconf 86' lang='lat' dir='ltr'>quem</span> <span class='ocrx_word' id='word_1_43' title='bbox 991 1080 1106 1130; x_wconf 85' lang='lat' dir='ltr'>igitur</span> <span class='ocrx_word' id='word_1_44' title='bbox 1133 1087 1171 1118; x_wconf 89' lang='lat' dir='ltr'>te</span> <span class='ocrx_word' id='word_1_45' title='bbox 1199 1080 1399 1118; x_wconf 88' lang='lat' dir='ltr'>medicum</span> <span class='ocrx_word' id='word_1_46' title='bbox 1427 1080 1654 1118; x_wconf 80' lang='lat' dir='ltr'>conferes?&#39;</span> <span class='ocrx_word' id='word_1_47' title='bbox 1674 1095 1691 1126; x_wconf 81' lang='lat'><strong><em>5</em></strong></span> 
     </span>
     <span class='ocr_line' id='line_1_8' title="bbox 327 1144 1656 1195; baseline -0.001 -12"><span class='ocrx_word' id='word_1_48' title='bbox 327 1146 435 1194; x_wconf 86' lang='lat' dir='ltr'>Quid</span> <span class='ocrx_word' id='word_1_49' title='bbox 458 1145 551 1183; x_wconf 84' lang='lat' dir='ltr'>mihi</span> <span class='ocrx_word' id='word_1_50' title='bbox 577 1145 655 1183; x_wconf 86' lang='lat' dir='ltr'>iam</span> <span class='ocrx_word' id='word_1_51' title='bbox 680 1145 866 1184; x_wconf 89' lang='lat' dir='ltr'>medico?</span> <span class='ocrx_word' id='word_1_52' title='bbox 913 1147 993 1183; x_wconf 87' lang='lat' dir='ltr'>Aut</span> <span class='ocrx_word' id='word_1_53' title='bbox 1015 1145 1045 1183; x_wconf 88' lang='lat' dir='ltr'>si</span> <span class='ocrx_word' id='word_1_54' title='bbox 1067 1159 1166 1195; x_wconf 87' lang='lat' dir='ltr'>opus</span> <span class='ocrx_word' id='word_1_55' title='bbox 1194 1153 1262 1191; x_wconf 89' lang='lat' dir='ltr'>est,</span> <span class='ocrx_word' id='word_1_56' title='bbox 1286 1153 1395 1183; x_wconf 87' lang='lat' dir='ltr'>tanta</span> <span class='ocrx_word' id='word_1_57' title='bbox 1415 1144 1548 1194; x_wconf 88' lang='lat' dir='ltr'>inopia</span> <span class='ocrx_word' id='word_1_58' title='bbox 1569 1146 1656 1182; x_wconf 81' lang='lat' dir='ltr'>est?</span> 
     </span>
     <span class='ocr_line' id='line_1_9' title="bbox 326 1209 1653 1260; baseline -0.001 -12"><span class='ocrx_word' id='word_1_59' title='bbox 326 1212 518 1249; x_wconf 87' lang='lat' dir='ltr'>Amorem</span> <span class='ocrx_word' id='word_1_60' title='bbox 552 1224 641 1260; x_wconf 88' lang='lat' dir='ltr'>erga</span> <span class='ocrx_word' id='word_1_61' title='bbox 680 1224 752 1257; x_wconf 86' lang='lat' dir='ltr'>me,</span> <span class='ocrx_word' id='word_1_62' title='bbox 788 1210 1073 1248; x_wconf 77' lang='lat' dir='ltr'>humanitatem</span> <span class='ocrx_word' id='word_1_63' title='bbox 1114 1210 1426 1259; x_wconf 76' lang='lat' dir='ltr'>suavitatemque</span> <span class='ocrx_word' id='word_1_64' title='bbox 1460 1209 1653 1248; x_wconf 89' lang='lat' dir='ltr'>desidero.</span> 
     </span>
     <span class='ocr_line' id='line_1_10' title="bbox 328 1274 1655 1325; baseline -0.002 -11"><span class='ocrx_word' id='word_1_65' title='bbox 328 1276 456 1314; x_wconf 87' lang='lat' dir='ltr'>Etiam</span> <span class='ocrx_word' id='word_1_66' title='bbox 479 1276 587 1315; x_wconf 89' lang='lat' dir='ltr'>illud.</span> <span class='ocrx_word' id='word_1_67' title='bbox 647 1276 755 1325; x_wconf 83' lang='lat' dir='ltr'>Quid</span> <span class='ocrx_word' id='word_1_68' title='bbox 780 1284 837 1314; x_wconf 90' lang='lat' dir='ltr'>est</span> <span class='ocrx_word' id='word_1_69' title='bbox 859 1277 967 1325; x_wconf 83' lang='lat' dir='ltr'>quod</span> <span class='ocrx_word' id='word_1_70' title='bbox 993 1290 1072 1314; x_wconf 92' lang='lat' dir='ltr'>non</span> <span class='ocrx_word' id='word_1_71' title='bbox 1095 1274 1453 1325; x_wconf 89' lang='lat' dir='ltr'>pertimescendum</span> <span class='ocrx_word' id='word_1_72' title='bbox 1482 1275 1541 1321; x_wconf 85' lang='lat' dir='ltr'>sit,</span> <span class='ocrx_word' id='word_1_73' title='bbox 1564 1289 1655 1312; x_wconf 88' lang='lat' dir='ltr'>cum</span> 
     </span>
     <span class='ocr_line' id='line_1_11' title="bbox 326 1339 1656 1390; baseline -0.002 -12"><span class='ocrx_word' id='word_1_74' title='bbox 326 1341 529 1378; x_wconf 90' lang='lat' dir='ltr'>hominem</span> <span class='ocrx_word' id='word_1_75' title='bbox 560 1348 856 1390; x_wconf 78' lang='lat' dir='ltr'>temperantem,</span> <span class='ocrx_word' id='word_1_76' title='bbox 889 1354 1088 1378; x_wconf 91' lang='lat' dir='ltr'>summum</span> <span class='ocrx_word' id='word_1_77' title='bbox 1120 1340 1317 1378; x_wconf 87' lang='lat' dir='ltr'>medicum</span> <span class='ocrx_word' id='word_1_78' title='bbox 1349 1347 1480 1377; x_wconf 86' lang='lat' dir='ltr'>tantus</span> <span class='ocrx_word' id='word_1_79' title='bbox 1515 1339 1656 1388; x_wconf 87' lang='lat' dir='ltr'>impro-</span> 
     </span>
     <span class='ocr_line' id='line_1_12' title="bbox 324 1404 1717 1455; baseline 0.001 -12"><span class='ocrx_word' id='word_1_80' title='bbox 324 1406 408 1444; x_wconf 85' lang='lat' dir='ltr'>viso</span> <span class='ocrx_word' id='word_1_81' title='bbox 447 1406 607 1443; x_wconf 82' lang='lat' dir='ltr'>morbus</span> <span class='ocrx_word' id='word_1_82' title='bbox 642 1405 905 1455; x_wconf 79' lang='lat' dir='ltr'>oppresserit?</span> <span class='ocrx_word' id='word_1_83' title='bbox 952 1407 1030 1444; x_wconf 86' lang='lat' dir='ltr'>Sed</span> <span class='ocrx_word' id='word_1_84' title='bbox 1068 1406 1119 1443; x_wconf 86' lang='lat' dir='ltr'>ad</span> <span class='ocrx_word' id='word_1_85' title='bbox 1157 1406 1254 1443; x_wconf 87' lang='lat' dir='ltr'>haec</span> <span class='ocrx_word' id='word_1_86' title='bbox 1289 1404 1421 1442; x_wconf 88' lang='lat' dir='ltr'>omnia</span> <span class='ocrx_word' id='word_1_87' title='bbox 1453 1418 1531 1442; x_wconf 86' lang='lat' dir='ltr'>una</span> <span class='ocrx_word' id='word_1_88' title='bbox 1564 1418 1656 1441; x_wconf 90' lang='lat' dir='ltr'>con-</span> <span class='ocrx_word' id='word_1_89' title='bbox 1677 1422 1717 1444; x_wconf 88' lang='lat'>10</span> 
     </span>
     <span class='ocr_line' id='line_1_13' title="bbox 325 1469 1655 1521; baseline -0.002 -12"><span class='ocrx_word' id='word_1_90' title='bbox 325 1471 466 1509; x_wconf 85' lang='lat' dir='ltr'>solatio</span> <span class='ocrx_word' id='word_1_91' title='bbox 496 1479 553 1509; x_wconf 90' lang='lat' dir='ltr'>est</span> <span class='ocrx_word' id='word_1_92' title='bbox 587 1472 695 1521; x_wconf 84' lang='lat' dir='ltr'>quod</span> <span class='ocrx_word' id='word_1_93' title='bbox 726 1484 772 1509; x_wconf 87' lang='lat' dir='ltr'>ea</span> <span class='ocrx_word' id='word_1_94' title='bbox 803 1470 1040 1509; x_wconf 88' lang='lat' dir='ltr'>condicione</span> <span class='ocrx_word' id='word_1_95' title='bbox 1072 1471 1152 1508; x_wconf 89' lang='lat' dir='ltr'>nati</span> <span class='ocrx_word' id='word_1_96' title='bbox 1183 1483 1318 1508; x_wconf 89' lang='lat' dir='ltr'>sumus</span> <span class='ocrx_word' id='word_1_97' title='bbox 1348 1478 1390 1508; x_wconf 88' lang='lat' dir='ltr'>ut</span> <span class='ocrx_word' id='word_1_98' title='bbox 1420 1469 1516 1507; x_wconf 89' lang='lat' dir='ltr'>nihil</span> <span class='ocrx_word' id='word_1_99' title='bbox 1546 1471 1655 1519; x_wconf 86' lang='lat' dir='ltr'>quod</span> 
     </span>
     <span class='ocr_line' id='line_1_14' title="bbox 327 1535 1266 1586; baseline -0.002 -12"><span class='ocrx_word' id='word_1_100' title='bbox 327 1536 477 1574; x_wconf 90' lang='lat' dir='ltr'>homini</span> <span class='ocrx_word' id='word_1_101' title='bbox 498 1536 677 1574; x_wconf 85' lang='lat' dir='ltr'>accidere</span> <span class='ocrx_word' id='word_1_102' title='bbox 697 1535 820 1586; x_wconf 86' lang='lat' dir='ltr'>possit</span> <span class='ocrx_word' id='word_1_103' title='bbox 841 1549 1018 1574; x_wconf 87' lang='lat' dir='ltr'>recusare</span> <span class='ocrx_word' id='word_1_104' title='bbox 1039 1536 1266 1574; x_wconf 82' lang='lat' dir='ltr'>debeamus.</span> 
     </span>
    </p>

    <p class='ocr_par' dir='ltr' id='par_1_4' title="bbox 284 1600 1714 2235">
     <span class='ocr_line' id='line_1_15' title="bbox 284 1600 1656 1650; baseline -0.001 -10"><span class='ocrx_word' id='word_1_105' title='bbox 284 1612 309 1640; x_wconf 83' lang='lat'>2</span> <span class='ocrx_word' id='word_1_106' title='bbox 384 1603 445 1640; x_wconf 94' lang='lat' dir='ltr'>De</span> <span class='ocrx_word' id='word_1_107' title='bbox 470 1601 647 1639; x_wconf 84' lang='lat' dir='ltr'>Antonio</span> <span class='ocrx_word' id='word_1_108' title='bbox 676 1601 753 1638; x_wconf 90' lang='lat' dir='ltr'>iam</span> <span class='ocrx_word' id='word_1_109' title='bbox 784 1608 900 1638; x_wconf 83' lang='lat' dir='ltr'>antea</span> <span class='ocrx_word' id='word_1_110' title='bbox 929 1600 1000 1638; x_wconf 89' lang='lat' dir='ltr'>tibi</span> <span class='ocrx_word' id='word_1_111' title='bbox 1030 1600 1165 1650; x_wconf 86' lang='lat' dir='ltr'>scripsi</span> <span class='ocrx_word' id='word_1_112' title='bbox 1196 1614 1276 1638; x_wconf 88' lang='lat' dir='ltr'>non</span> <span class='ocrx_word' id='word_1_113' title='bbox 1306 1614 1392 1639; x_wconf 88' lang='lat' dir='ltr'>esse</span> <span class='ocrx_word' id='word_1_114' title='bbox 1420 1614 1511 1638; x_wconf 93' lang='lat' dir='ltr'>eum</span> <span class='ocrx_word' id='word_1_115' title='bbox 1540 1613 1563 1637; x_wconf 91' lang='lat' dir='ltr'>a</span> <span class='ocrx_word' id='word_1_116' title='bbox 1592 1614 1656 1638; x_wconf 90' lang='lat' dir='ltr'>me</span> 
     </span>
     <span class='ocr_line' id='line_1_16' title="bbox 327 1666 1656 1716; baseline -0.002 -11"><span class='ocrx_word' id='word_1_117' title='bbox 327 1675 578 1705; x_wconf 89' lang='lat' dir='ltr'>conventum.</span> <span class='ocrx_word' id='word_1_118' title='bbox 635 1666 754 1704; x_wconf 86' lang='lat' dir='ltr'>Venit</span> <span class='ocrx_word' id='word_1_119' title='bbox 775 1666 880 1704; x_wconf 91' lang='lat' dir='ltr'>enim</span> <span class='ocrx_word' id='word_1_120' title='bbox 904 1666 1104 1704; x_wconf 88' lang='lat' dir='ltr'>Misenum</span> <span class='ocrx_word' id='word_1_121' title='bbox 1126 1680 1215 1705; x_wconf 88' lang='lat' dir='ltr'>curn</span> <span class='ocrx_word' id='word_1_122' title='bbox 1239 1680 1312 1716; x_wconf 74' lang='lat' dir='ltr'>ego</span> <span class='ocrx_word' id='word_1_123' title='bbox 1333 1680 1459 1704; x_wconf 82' lang='lat' dir='ltr'>essem</span> <span class='ocrx_word' id='word_1_124' title='bbox 1481 1666 1520 1703; x_wconf 89' lang='lat' dir='ltr'>in</span> <span class='ocrx_word' id='word_1_125' title='bbox 1542 1668 1656 1703; x_wconf 89' lang='lat' dir='ltr'>Pom-</span> 
     </span>
     <span class='ocr_line' id='line_1_17' title="bbox 326 1730 1712 1781; baseline 0 -13"><span class='ocrx_word' id='word_1_126' title='bbox 326 1731 479 1781; x_wconf 86' lang='lat' dir='ltr'>peiano.</span> <span class='ocrx_word' id='word_1_127' title='bbox 545 1732 646 1769; x_wconf 85' lang='lat' dir='ltr'>Inde</span> <span class='ocrx_word' id='word_1_128' title='bbox 676 1739 767 1769; x_wconf 88' lang='lat' dir='ltr'>ante</span> <span class='ocrx_word' id='word_1_129' title='bbox 801 1732 997 1780; x_wconf 88' lang='lat' dir='ltr'>profectus</span> <span class='ocrx_word' id='word_1_130' title='bbox 1032 1738 1090 1769; x_wconf 93' lang='lat' dir='ltr'>est</span> <span class='ocrx_word' id='word_1_131' title='bbox 1122 1745 1241 1780; x_wconf 87' lang='lat' dir='ltr'>quam</span> <span class='ocrx_word' id='word_1_132' title='bbox 1276 1745 1348 1781; x_wconf 87' lang='lat' dir='ltr'>ego</span> <span class='ocrx_word' id='word_1_133' title='bbox 1380 1745 1471 1769; x_wconf 89' lang='lat' dir='ltr'>eum</span> <span class='ocrx_word' id='word_1_134' title='bbox 1503 1730 1656 1768; x_wconf 86' lang='lat' dir='ltr'>venisse</span> <span class='ocrx_word' id='word_1_135' title='bbox 1678 1748 1712 1779; x_wconf 82' lang='lat'>15</span> 
     </span>
     <span class='ocr_line' id='line_1_18' title="bbox 326 1795 1655 1846; baseline -0.001 -12"><span class='ocrx_word' id='word_1_136' title='bbox 326 1796 504 1846; x_wconf 81' lang='lat' dir='ltr'>cognovi.</span> <span class='ocrx_word' id='word_1_137' title='bbox 563 1797 641 1834; x_wconf 85' lang='lat' dir='ltr'>Sed</span> <span class='ocrx_word' id='word_1_138' title='bbox 669 1809 772 1842; x_wconf 74' lang='lat' dir='ltr'>casn,</span> <span class='ocrx_word' id='word_1_139' title='bbox 796 1809 886 1833; x_wconf 90' lang='lat' dir='ltr'>cum</span> <span class='ocrx_word' id='word_1_140' title='bbox 914 1797 1081 1845; x_wconf 89' lang='lat' dir='ltr'>legerem</span> <span class='ocrx_word' id='word_1_141' title='bbox 1110 1804 1195 1834; x_wconf 89' lang='lat' dir='ltr'>tuas</span> <span class='ocrx_word' id='word_1_142' title='bbox 1220 1796 1375 1842; x_wconf 83' lang='lat' dir='ltr'>litteras,</span> <span class='ocrx_word' id='word_1_143' title='bbox 1401 1795 1554 1833; x_wconf 85' lang='lat' dir='ltr'>Hirtius</span> <span class='ocrx_word' id='word_1_144' title='bbox 1575 1804 1655 1833; x_wconf 85' lang='lat' dir='ltr'>erat</span> 
     </span>
     <span class='ocr_line' id='line_1_19' title="bbox 325 1860 1655 1911; baseline 0.001 -13"><span class='ocrx_word' id='word_1_145' title='bbox 325 1863 431 1911; x_wconf 86' lang='lat' dir='ltr'>apud</span> <span class='ocrx_word' id='word_1_146' title='bbox 466 1875 529 1899; x_wconf 92' lang='lat' dir='ltr'>me</span> <span class='ocrx_word' id='word_1_147' title='bbox 560 1861 599 1898; x_wconf 92' lang='lat' dir='ltr'>in</span> <span class='ocrx_word' id='word_1_148' title='bbox 632 1862 860 1898; x_wconf 88' lang='lat' dir='ltr'>Puteolano.</span> <span class='ocrx_word' id='word_1_149' title='bbox 927 1861 973 1898; x_wconf 87' lang='lat' dir='ltr'>Ei</span> <span class='ocrx_word' id='word_1_150' title='bbox 1012 1860 1086 1911; x_wconf 90' lang='lat' dir='ltr'>legi</span> <span class='ocrx_word' id='word_1_151' title='bbox 1125 1868 1162 1899; x_wconf 85' lang='lat' dir='ltr'>et</span> <span class='ocrx_word' id='word_1_152' title='bbox 1201 1861 1271 1911; x_wconf 88' lang='lat' dir='ltr'>egi.</span> <span class='ocrx_word' id='word_1_153' title='bbox 1332 1860 1507 1898; x_wconf 90' lang='lat' dir='ltr'>Primum</span> <span class='ocrx_word' id='word_1_154' title='bbox 1547 1863 1655 1910; x_wconf 83' lang='lat' dir='ltr'>quod</span> 
     </span>
     <span class='ocr_line' id='line_1_20' title="bbox 325 1925 1655 1972; baseline -0.002 -7"><span class='ocrx_word' id='word_1_155' title='bbox 325 1926 506 1972; x_wconf 86' lang='lat' dir='ltr'>†attinet‚</span> <span class='ocrx_word' id='word_1_156' title='bbox 538 1925 635 1963; x_wconf 90' lang='lat' dir='ltr'>nihil</span> <span class='ocrx_word' id='word_1_157' title='bbox 666 1925 761 1963; x_wconf 89' lang='lat' dir='ltr'>mihi</span> <span class='ocrx_word' id='word_1_158' title='bbox 791 1926 1048 1972; x_wconf 79' lang='lat' dir='ltr'>concedebat,</span> <span class='ocrx_word' id='word_1_159' title='bbox 1076 1925 1221 1963; x_wconf 87' lang='lat' dir='ltr'>deinde</span> <span class='ocrx_word' id='word_1_160' title='bbox 1250 1927 1301 1963; x_wconf 93' lang='lat' dir='ltr'>ad</span> <span class='ocrx_word' id='word_1_161' title='bbox 1331 1939 1527 1963; x_wconf 89' lang='lat' dir='ltr'>summam</span> <span class='ocrx_word' id='word_1_162' title='bbox 1557 1925 1655 1963; x_wconf 89' lang='lat' dir='ltr'>arbi-</span> 
     </span>
     <span class='ocr_line' id='line_1_21' title="bbox 325 1990 1653 2030; baseline -0.002 -1"><span class='ocrx_word' id='word_1_163' title='bbox 325 1999 427 2030; x_wconf 87' lang='lat' dir='ltr'>trum</span> <span class='ocrx_word' id='word_1_164' title='bbox 442 2005 505 2029; x_wconf 91' lang='lat' dir='ltr'>me</span> <span class='ocrx_word' id='word_1_165' title='bbox 530 1991 726 2028; x_wconf 85' lang='lat' dir='ltr'>statuebat</span> <span class='ocrx_word' id='word_1_166' title='bbox 740 2004 820 2027; x_wconf 90' lang='lat' dir='ltr'>non</span> <span class='ocrx_word' id='word_1_167' title='bbox 843 1992 964 2028; x_wconf 89' lang='lat' dir='ltr'>modo</span> <span class='ocrx_word' id='word_1_168' title='bbox 982 1990 1097 2028; x_wconf 89' lang='lat' dir='ltr'>huius</span> <span class='ocrx_word' id='word_1_169' title='bbox 1120 1990 1171 2028; x_wconf 91' lang='lat' dir='ltr'>rei</span> <span class='ocrx_word' id='word_1_170' title='bbox 1194 1991 1263 2028; x_wconf 87' lang='lat' dir='ltr'>sed</span> <span class='ocrx_word' id='word_1_171' title='bbox 1286 1990 1405 2028; x_wconf 88' lang='lat' dir='ltr'>totius</span> <span class='ocrx_word' id='word_1_172' title='bbox 1427 1992 1653 2028; x_wconf 84' lang='lat' dir='ltr'>consulatus</span> 
     </span>
     <span class='ocr_line' id='line_1_22' title="bbox 324 2055 1714 2105; baseline -0.001 -11"><span class='ocrx_word' id='word_1_173' title='bbox 324 2056 394 2094; x_wconf 88' lang='lat' dir='ltr'>sui.</span> <span class='ocrx_word' id='word_1_174' title='bbox 453 2057 554 2095; x_wconf 88' lang='lat' dir='ltr'>Cum</span> <span class='ocrx_word' id='word_1_175' title='bbox 580 2055 757 2092; x_wconf 85' lang='lat' dir='ltr'>Antonio</span> <span class='ocrx_word' id='word_1_176' title='bbox 791 2063 923 2093; x_wconf 87' lang='lat' dir='ltr'>autem</span> <span class='ocrx_word' id='word_1_177' title='bbox 958 2055 1013 2093; x_wconf 89' lang='lat' dir='ltr'>sic</span> <span class='ocrx_word' id='word_1_178' title='bbox 1042 2068 1204 2104; x_wconf 84' lang='lat' dir='ltr'>agemus</span> <span class='ocrx_word' id='word_1_179' title='bbox 1233 2062 1275 2092; x_wconf 86' lang='lat' dir='ltr'>ut</span> <span class='ocrx_word' id='word_1_180' title='bbox 1304 2055 1527 2105; x_wconf 84' lang='lat' dir='ltr'>perspiciat,</span> <span class='ocrx_word' id='word_1_181' title='bbox 1553 2055 1583 2093; x_wconf 91' lang='lat' dir='ltr'>si</span> <span class='ocrx_word' id='word_1_182' title='bbox 1614 2055 1653 2092; x_wconf 91' lang='lat' dir='ltr'>in</span> <span class='ocrx_word' id='word_1_183' title='bbox 1675 2073 1714 2094; x_wconf 84' lang='lat'>20</span> 
     </span>
     <span class='ocr_line' id='line_1_23' title="bbox 323 2120 1650 2170; baseline -0.001 -11"><span class='ocrx_word' id='word_1_184' title='bbox 323 2136 371 2159; x_wconf 91' lang='lat' dir='ltr'>eo</span> <span class='ocrx_word' id='word_1_185' title='bbox 406 2121 563 2170; x_wconf 89' lang='lat' dir='ltr'>negotio</span> <span class='ocrx_word' id='word_1_186' title='bbox 599 2120 712 2158; x_wconf 86' lang='lat' dir='ltr'>nobis</span> <span class='ocrx_word' id='word_1_187' title='bbox 752 2120 842 2157; x_wconf 90' lang='lat' dir='ltr'>satis</span> <span class='ocrx_word' id='word_1_188' title='bbox 878 2120 1025 2167; x_wconf 83' lang='lat' dir='ltr'>fecerit,</span> <span class='ocrx_word' id='word_1_189' title='bbox 1051 2127 1178 2158; x_wconf 89' lang='lat' dir='ltr'>totum</span> <span class='ocrx_word' id='word_1_190' title='bbox 1218 2133 1280 2158; x_wconf 93' lang='lat' dir='ltr'>me</span> <span class='ocrx_word' id='word_1_191' title='bbox 1318 2121 1491 2158; x_wconf 87' lang='lat' dir='ltr'>futurum</span> <span class='ocrx_word' id='word_1_192' title='bbox 1524 2133 1650 2158; x_wconf 90' lang='lat' dir='ltr'>suum.</span> 
     </span>
     <span class='ocr_line' id='line_1_24' title="bbox 326 2185 985 2235; baseline -0.002 -11"><span class='ocrx_word' id='word_1_193' title='bbox 326 2187 574 2224; x_wconf 78' lang='lat' dir='ltr'>Dolabellam</span> <span class='ocrx_word' id='word_1_194' title='bbox 605 2198 718 2235; x_wconf 81' lang='lat' dir='ltr'>spero</span> <span class='ocrx_word' id='word_1_195' title='bbox 748 2185 857 2223; x_wconf 89' lang='lat' dir='ltr'>domi</span> <span class='ocrx_word' id='word_1_196' title='bbox 887 2199 985 2223; x_wconf 87' lang='lat' dir='ltr'>esse.</span> 
     </span>
    </p>
   </div>
   <div class='ocr_carea' id='block_1_4' title="bbox 321 2288 1649 2459">
    <p class='ocr_par' dir='ltr' id='par_1_5' title="bbox 321 2288 1649 2459">
     <span class='ocr_line' id='line_1_25' title="bbox 367 2288 1646 2331; baseline 0.003 -14"><span class='ocrx_word' id='word_1_197' title='bbox 367 2291 387 2318; x_wconf 88' lang='lat'>6</span> <span class='ocrx_word' id='word_1_198' title='bbox 409 2293 481 2329; x_wconf 67' lang='lat' dir='ltr'>post</span> <span class='ocrx_word' id='word_1_199' title='bbox 505 2290 635 2319; x_wconf 84' lang='lat' dir='ltr'>medico</span> <span class='ocrx_word' id='word_1_200' title='bbox 661 2289 733 2320; x_wconf 74' lang='lat' dir='ltr'>add.</span> <span class='ocrx_word' id='word_1_201' title='bbox 762 2300 847 2328; x_wconf 86' lang='lat' dir='ltr'>opus</span> <span class='ocrx_word' id='word_1_202' title='bbox 872 2294 923 2319; x_wconf 83' lang='lat' dir='ltr'>est</span> <span class='ocrx_word' id='word_1_203' title='bbox 950 2289 1037 2324; x_wconf 73' lang='lat' dir='ltr'>Otto,</span> <span class='ocrx_word' id='word_1_204' title='bbox 1072 2289 1128 2320; x_wconf 80' lang='lat' dir='ltr'>sed</span> <span class='ocrx_word' id='word_1_205' title='bbox 1150 2289 1188 2331; x_wconf 87' lang='lat' dir='ltr'>cf.</span> <span class='ocrx_word' id='word_1_206' title='bbox 1221 2289 1305 2320; x_wconf 74' lang='lat' dir='ltr'>Vrrr.</span> <span class='ocrx_word' id='word_1_207' title='bbox 1334 2300 1364 2320; x_wconf 88' lang='lat' dir='ltr'>v.</span> <span class='ocrx_word' id='word_1_208' title='bbox 1393 2299 1445 2328; x_wconf 83' lang='lat'>45,</span> <span class='ocrx_word' id='word_1_209' title='bbox 1475 2288 1569 2320; x_wconf 59' lang='lat' dir='ltr'>Vama</span> <span class='ocrx_word' id='word_1_210' title='bbox 1595 2294 1646 2328; x_wconf 73' lang='lat' dir='ltr'>ap.</span> 
     </span>
     <span class='ocr_line' id='line_1_26' title="bbox 321 2332 1649 2371; baseline -0.001 -9"><span class='ocrx_word' id='word_1_211' title='bbox 321 2333 470 2362; x_wconf 77' lang='lat' dir='ltr'>Nom&#39;mn</span> <span class='ocrx_word' id='word_1_212' title='bbox 494 2343 563 2362; x_wconf 81' lang='lat'>100.</span> <span class='ocrx_word' id='word_1_213' title='bbox 587 2343 606 2370; x_wconf 80' lang='grc'>3</span> <span class='ocrx_word' id='word_1_214' title='bbox 731 2344 752 2370; x_wconf 85' lang='grc'>9</span> <span class='ocrx_word' id='word_1_215' title='bbox 775 2344 941 2362; x_wconf 75' lang='lat' dir='ltr'>summum</span> <span class='ocrx_word' id='word_1_216' title='bbox 962 2334 1128 2363; x_wconf 85' lang='lat' dir='ltr'>medicum</span> <span class='ocrx_word' id='word_1_217' title='bbox 1146 2344 1211 2364; x_wconf 80' lang='lat'><em>0171.</em></span> <span class='ocrx_word' id='word_1_218' title='bbox 1233 2332 1282 2362; x_wconf 67' lang='grc' dir='ltr'>Μ]</span> <span class='ocrx_word' id='word_1_219' title='bbox 1411 2343 1447 2371; x_wconf 83' lang='lat'>13</span> <span class='ocrx_word' id='word_1_220' title='bbox 1471 2343 1489 2362; x_wconf 85' lang='lat' dir='ltr'>a</span> <span class='ocrx_word' id='word_1_221' title='bbox 1507 2344 1571 2363; x_wconf 80' lang='lat'><em>0111.</em></span> <span class='ocrx_word' id='word_1_222' title='bbox 1598 2332 1649 2361; x_wconf 85' lang='lat' dir='ltr'>M&#39;</span> 
     </span>
     <span class='ocr_line' id='line_1_27' title="bbox 326 2376 1648 2416; baseline 0 -11"><span class='ocrx_word' id='word_1_223' title='bbox 326 2387 361 2414; x_wconf 89' lang='lat'>17</span> <span class='ocrx_word' id='word_1_224' title='bbox 389 2376 456 2416; x_wconf 68' lang='lat' dir='ltr'>egi]</span> <span class='ocrx_word' id='word_1_225' title='bbox 478 2377 579 2411; x_wconf 68' lang='lat' dir='ltr'>rc&#39;cgi</span> <span class='ocrx_word' id='word_1_226' title='bbox 599 2376 788 2415; x_wconf 66' lang='lat' dir='ltr'>Pcrrlk‘mzp</span> <span class='ocrx_word' id='word_1_227' title='bbox 880 2376 1026 2406; x_wconf 73' lang='lat' dir='ltr'>Primum</span> <span class='ocrx_word' id='word_1_228' title='bbox 1051 2378 1139 2415; x_wconf 84' lang='lat' dir='ltr'>quod</span> <span class='ocrx_word' id='word_1_229' title='bbox 1166 2377 1296 2409; x_wconf 81' lang='lat' dir='ltr'>attinet,</span> <span class='ocrx_word' id='word_1_230' title='bbox 1325 2376 1405 2406; x_wconf 86' lang='lat' dir='ltr'>nihil</span> <span class='ocrx_word' id='word_1_231' title='bbox 1423 2377 1472 2406; x_wconf 57' lang='lat' dir='ltr'>vel</span> <span class='ocrx_word' id='word_1_232' title='bbox 1491 2376 1648 2415; x_wconf 77' lang='lat' dir='ltr'>Primum,</span> 
     </span>
     <span class='ocr_line' id='line_1_28' title="bbox 322 2419 1509 2459; baseline 0 -10"><span class='ocrx_word' id='word_1_233' title='bbox 322 2421 411 2459; x_wconf 78' lang='lat' dir='ltr'>quod</span> <span class='ocrx_word' id='word_1_234' title='bbox 429 2420 559 2458; x_wconf 76' lang='lat' dir='ltr'>attinety</span> <span class='ocrx_word' id='word_1_235' title='bbox 582 2419 662 2449; x_wconf 84' lang='lat' dir='ltr'>nihil</span> <span class='ocrx_word' id='word_1_236' title='bbox 680 2419 748 2449; x_wconf 78' lang='lat' dir='ltr'>cdd.</span> <span class='ocrx_word' id='word_1_237' title='bbox 769 2420 872 2456; x_wconf 52' lang='lat' dir='ltr'>:font</span> <span class='ocrx_word' id='word_1_238' title='bbox 893 2419 1047 2458; x_wconf 84' lang='lat' dir='ltr'>Primum,</span> <span class='ocrx_word' id='word_1_239' title='bbox 1067 2421 1155 2459; x_wconf 84' lang='lat' dir='ltr'>quod</span> <span class='ocrx_word' id='word_1_240' title='bbox 1174 2420 1294 2450; x_wconf 81' lang='lat' dir='ltr'>attinet</span> <span class='ocrx_word' id='word_1_241' title='bbox 1313 2420 1405 2459; x_wconf 90' lang='lat' dir='ltr'>nihil,</span> <span class='ocrx_word' id='word_1_242' title='bbox 1426 2420 1509 2449; x_wconf 89' lang='lat' dir='ltr'>nihil</span> 
     </span>
    </p>
   </div>
   <div class='ocr_carea' id='block_1_5' title="bbox 1814 2023 1823 2658">
    <p class='ocr_par' dir='ltr' id='par_1_6' title="bbox 1814 2023 1823 2658">
     <span class='ocr_line' id='line_1_29' title="bbox 1814 2023 1823 2658; baseline 0 0"><span class='ocrx_word' id='word_1_243' title='bbox 1814 2023 1823 2658; x_wconf 95' lang='lat' dir='ltr'> </span> 
     </span>
    </p>
   </div>
  </div>
 </body>
</html>
